1648 2729
722 120 1194 159 EPIGRAMMATON
1227 121 1330 158 LIB.
1365 121 1424 158 IV

89 235 144 274 nil
172 235 293 275 adicit
322 248 447 286 penso
477 233 664 273 Lachesis
694 235 883 284 fusosque
912 247 1090 272 sororum

144 301 312 352 explicat
341 308 380 340 et
409 314 564 351 semper
594 301 644 339 de
674 299 798 339 tribus
828 313 906 338 una
936 306 1063 350 negat.
1389 314 1428 336 10

616 422 689 459 LV

198 503 308 551 Luci,
340 503 462 554 gloria
491 511 715 554 temporum
746 510 918 551 tuorum,

197 570 265 620 qui
296 569 438 609 Caium
468 576 640 608 veterem
670 571 907 619 Tagumque
937 575 1114 606 nostrum

196 634 314 685 Arpis
343 636 485 673 cedere
513 648 594 672 non
624 633 717 673 sinis
746 633 927 673 disertis:

198 701 362 751 Argivas
390 708 597 751 generatus
626 699 727 738 inter
755 700 872 738 urbes

197 767 360 805 Thebas
389 766 563 805 carmine
593 773 724 804 cantet
753 772 821 803 aut
852 766 1054 814 Mycenas,
1409 779 1426 810 5

197 838 265 869 aut
293 833 438 870 claram
469 832 646 869 Rhodon
675 838 742 868 aut
772 830 1008 869 libidinosae

199 898 376 936 Ledaeas
406 898 733 935 Lacedaemonos
767 897 1002 946 palaestras:

197 975 270 1000 nos
301 961 423 1001 Celtis
451 961 605 1012 genitos
635 968 673 999 et
703 975 749 999 ex
781 960 942 999 Hiberis

197 1032 354 1063 nostrae
383 1024 547 1063 nomina
575 1023 733 1063 duriora
762 1031 885 1062 terrae

196 1097 307 1140 grato
336 1103 417 1128 non
446 1090 594 1140 pudeat
623 1090 762 1127 referre
791 1102 931 1127 versu:
1389 1102 1429 1124 10

197 1168 316 1193 saevo
346 1154 511 1193 Bilbilin
541 1154 734 1205 optimam
764 1156 936 1201 metallo,

198 1234 300 1271 quae
329 1220 450 1259 vincit
479 1221 759 1270 Chalybasque
789 1219 1048 1269 Noricosque,

198 1294 236 1325 et
265 1287 366 1325 ferro
396 1288 573 1324 Plateam
603 1299 675 1324 suo
704 1292 924 1331 sonantem,

198 1365 318 1402 quam
348 1353 470 1390 fluctu
499 1350 608 1390 tenui
637 1352 707 1389 sed
736 1350 915 1400 inquieto

197 1427 397 1452 armorum
427 1416 518 1452 Salo
547 1421 786 1464 temperator
813 1413 948 1459 ambit,
1391 1426 1425 1457 ¹5

199 1481 443 1529 tutelamque
472 1481 694 1529 chorosque
725 1478 992 1524 Rixamarum,

199 1554 237 1584 et
266 1545 447 1583 convivia
475 1546 574 1583 festa
604 1545 861 1590 Carduarum,

199 1618 238 1649 et
267 1610 381 1649 textis
411 1609 568 1649 Peterin
597 1609 694 1648 rosis
723 1610 943 1655 rubentem,

198 1684 318 1727 atque
346 1675 509 1726 antiqua
537 1683 693 1726 patrum
723 1676 874 1714 theatra
905 1674 1036 1725 Rigas,

200 1749 238 1781 et
268 1749 395 1781 certos
424 1741 553 1780 iaculo
582 1741 659 1780 levi
689 1741 825 1788 Silaos,
1389 1754 1429 1775 20

200 1807 474 1858 Turgontique
502 1809 610 1845 lacus
641 1806 915 1857 Perusiaeque‚

201 1880 239 1911 et
267 1886 409 1923 parvae
437 1873 538 1911 vada
567 1886 665 1923 pura
692 1872 963 1918 Tvetonissae‚

201 1945 240 1977 et
269 1945 450 1977 sanctum
481 1937 702 1976 Buradonis
732 1937 919 1984 ilicetum,

201 2017 271 2053 per
298 2004 408 2053 quod
437 2004 498 2041 vel
527 2002 636 2054 piger
662 2003 840 2041 ambulat
868 2002 1002 2048 viator,

143 2117 181 2137 to
204 2111 306 2146 neget
323 2107 397 2137 BA:
423 2111 525 2146 negat
538 2107 587 2138 CA
604 2108 716 2148 (necat
732 2107 777 2147 F)
796 2106 849 2137 N:
875 2110 970 2137 secat
986 2105 1147 2136 Heinsius

141 2150 198 2181 LV
225 2161 239 2181 1
266 2151 408 2182 duorum
424 2151 480 2181 BA
599 2162 618 2181 2
643 2151 760 2182 Caium
777 2151 877 2182 Ital.:
900 2150 1012 2189 gaium
1029 2149 1116 2180 codd.
1240 2157 1260 2186 3
1285 2148 1433 2179 desertis

95 2194 143 2225 CA
160 2197 198 2224 ut
213 2194 274 2225 vid.
441 2206 461 2234 4
480 2195 581 2230 Qrbes
599 2195 647 2225 CA
665 2198 702 2225 ul
717 2194 782 2227 vid.
942 2204 962 2233 5
985 2198 1043 2224 aut
1059 2193 1115 2223 ΒΑ
1130 2204 1137 2223 z
1159 2196 1194 2223 et
1211 2191 1259 2222 CA
1412 2193 1432 2222 8

93 2238 270 2269 noscentis
287 2238 336 2269 CA
462 2249 484 2278 9
509 2239 646 2270 numina
661 2238 710 2269 CA
853 2238 892 2268 18
916 2242 1071 2278 peterem
1087 2237 1143 2267 ΒΑ
1277 2245 1317 2274 Ι9
1342 2236 1432 2275 ripas

92 2282 148 2312 BA
237 2292 281 2312 20
303 2282 431 2313 iaculos
450 2283 498 2314 CA
585 2293 733 2314 suaeuos
745 2282 848 2324 (bos)
862 2282 918 2312 ΒΑ
933 2284 1011 2323 (pro
1022 2280 1145 2312 Suelos
1156 2280 1183 2320 Ζ)
1198 2291 1205 2311 t
1232 2280 1345 2319 sylaos
1358 2279 1429 2318 ish)

96 2325 145 2356 CA
277 2336 317 2356 21
343 2326 597 2366 Turgentisque
614 2327 670 2357 ΒΑ
802 2326 1018 2365 turasiaeque
1033 2325 1089 2355 BA
1107 2335 1114 2354 :
1138 2324 1364 2363 perusiaeque
1382 2323 1431 2354 CA

93 2379 134 2399 22
160 2379 266 2408 paruo
277 2370 332 2399 ΒΑ
442 2371 652 2402 toutonissae
670 2370 725 2401 BA
878 2379 920 2409 23
946 2379 1031 2409 pura
1047 2368 1158 2400 teonis
1173 2367 1228 2398 BA
1391 2378 1432 2405 24

93 2423 180 2452 quos
195 2413 251 2443 BA
