1648 2729
779 161 1248 200 EPIGRAMMATON
1279 162 1383 199 LIB.
1416 162 1451 198 X

226 276 287 315 his
316 290 396 323 vos,
428 275 461 314 si
489 283 623 314 tamen
652 274 811 326 expedit
839 274 1002 325 roganti,

225 355 352 381 annos
381 341 516 380 addite
546 340 606 380 bis
635 354 774 391 precor
802 353 990 387 novenos,

180 432 184 436 -
226 415 269 446 ut
298 408 479 446 nondum
508 405 631 444 nimia
658 405 767 456 piger
795 413 955 444 senecta

227 474 298 512 sed
327 472 429 511 vitae
459 472 582 511 tribus
612 470 710 510 areis
745 471 912 521 peractis

225 539 336 577 lucos
367 537 522 587 Elysiae
550 544 683 587 petam
714 537 881 587 puellae.
1418 552 1454 573 ιο

226 611 316 654 post
344 605 451 642 hunc
481 604 652 642 Nestora
680 616 754 641 nec
783 601 889 641 diem
920 602 1078 652 rogabo.

619 710 736 747 XXV

119 792 166 829 In
197 790 391 830 matutina
418 804 544 842 nuper
571 798 770 842 spectatus
800 792 946 829 harena

173 856 344 904 Mucius,
375 856 551 907 inposuit
579 857 647 907 qui
676 870 747 895 sua
776 856 955 894 membra
982 855 1090 901 focis,

116 922 148 961 si
177 922 331 972 patiens
359 924 561 973 durusque
590 922 662 961 tibi
690 921 880 971 fortisque
908 920 1073 967 videtur,

172 987 441 1027 Abderitanae
470 995 632 1038 pectora
661 987 788 1038 plebis
818 987 952 1025 habes.

118 1066 210 1091 narn
240 1066 331 1091 curn
361 1052 514 1091 dicatur
542 1052 677 1091 tunica
704 1059 911 1103 praesente
941 1052 1107 1089 molesta

176 1119 280 1157 ‘Vre
309 1119 497 1166 manum‚'
526 1119 615 1169 plus
645 1125 704 1156 est
733 1117 865 1156 dicere
897 1118 1014 1155 ‘Non
1043 1115 1170 1154 facio.'

615 1224 754 1261 XXVI

118 1306 233 1353 Vare,
265 1305 519 1344 Paraetonias
549 1304 662 1343 Latia
691 1306 815 1344 modo
844 1304 922 1343 vite
951 1317 1021 1354 per
1049 1304 1165 1342 urbes

171 1370 316 1409 nobilis
346 1378 385 1410 et
413 1378 574 1409 centurn
604 1371 684 1409 dux
713 1370 971 1409 memorande
1000 1369 1101 1416 viris,

118 1444 157 1474 at
186 1449 294 1474 nunc
323 1435 506 1475 Ausonio
535 1437 677 1474 frustra
705 1435 897 1486 promisse
928 1434 1111 1484 Quirino,

171 1501 328 1553 hospita
357 1501 478 1552 Lagei
506 1501 629 1540 litoris
659 1502 799 1539 umbra
826 1500 942 1539 iaces.

117 1580 298 1618 spargere
326 1580 408 1606 non
437 1566 547 1605 licuit
575 1566 756 1617 frigentia
783 1566 941 1605 fletibus
973 1579 1041 1604 ora
1438 1581 1453 1611 5

171 1632 332 1683 pinguia
360 1646 435 1671 nec
464 1632 623 1671 maestis
651 1633 799 1671 addere
828 1639 914 1670 tura
942 1631 1055 1682 rogis.

118 1699 187 1737 sed
217 1699 333 1737 datur
360 1705 521 1737 aeterno
550 1697 744 1736 victurum
774 1697 948 1736 carmine
978 1710 1153 1735 nornen:

172 1763 368 1815 numquid
397 1771 436 1803 et
465 1765 552 1811 hoc,
583 1764 699 1802 fallax
729 1763 831 1811 Nile,
863 1776 1006 1813 negare
1039 1763 1185 1813 potes?

162 1903 282 1933 XXIV
304 1903 326 1932 6
350 1903 524 1933 reuocanti
541 1902 590 1933 CA
609 1906 646 1932 ut
661 1901 724 1934 vid.
743 1903 816 1943 (pro
830 1877 959 1932 [igcanti
974 1902 1000 1937 2)
1176 1910 1193 1938 7
1219 1909 1386 1930 uouemus
1406 1898 1453 1930 CA

117 1958 138 1985 9
161 1948 251 1978 areis
267 1946 371 1978 Ald.:
408 1947 521 1977 aureis
544 1946 633 1977 codd.
797 1955 837 1976 10
860 1950 973 1985 potam
1002 1944 1055 1975 CA
1081 1944 1116 1983 (o
1135 1948 1196 1984 pro
1221 1944 1254 1983 e)
1418 1953 1453 1973 11

117 1991 181 2021 hoe
204 1991 243 2032 (ἓ)
260 1990 487 2022 Fm'edlaender
592 1990 739 2020 Nestora
760 1988 942 2019 Heinsius:
977 1988 1121 2019 nethora
1147 1988 1207 2029 (f)
1234 1987 1284 2017 vel
1305 1987 1455 2017 nechota

116 2034 172 2065 BA
189 2045 198 2065 :
221 2044 284 2066 nec
301 2035 384 2065 hora
403 2033 454 2065 CA
469 2033 550 2074 (pro
565 2035 739 2072 nesthora‚
758 2033 777 2064 ι’.
789 2043 812 2063 e.
831 2033 994 2070 Nestora)
1214 2031 1315 2061 XXV
1337 2031 1410 2062 hab.
1431 2030 1461 2060 T

118 2088 137 2117 3
162 2079 335 2117 durusque
355 2078 415 2109 tibi
434 2078 600 2117 sortisque
616 2076 734 2108 AABA
750 2088 757 2107 :
782 2076 949 2116 fortisque
968 2075 1029 2106 tibi
1046 2076 1218 2114 durusque
1238 2074 1287 2105 CA
1434 2076 1455 2104 6

117 2122 241 2152 ducere
264 2121 295 2152 T
378 2132 468 2152 nunc
487 2121 536 2153 CA
554 2124 635 2161 (pro
651 2127 684 2162 fi,
703 2120 722 2150 i.
735 2131 759 2152 e.
779 2122 864 2158 non)
1154 2124 1158 2127 “
1186 2118 1304 2148 XXVI
1328 2118 1402 2149 hab.
1430 2118 1460 2148 T

116 2165 380 2240 1¹a÷¹2²3r1²12e²322²32
395 2165 603 2240 ἔέαῗᾭὲἶε
620 2169 658 2239 ἴζ
689 2164 757 2239 ἶῖἵὲ
772 2163 1004 2238 3ῗῖἶῖἶὲἰῖ
1024 2161 1340 2245 ’ῗῐηὲρῖ-ιζὲξοὲἷῗῗ
1366 2160 1452 2236 ἶῖῗν)

117 2231 192 2285 Ital.
254 2234 261 2241 ι
294 2263 356 2293 per
378 2232 488 2284 undas
511 2253 572 2282 ἈΛ
660 2233 667 2240 .
711 2263 731 2283 2
755 2232 884 2282 tenium
909 2251 958 2299 §A
978 2230 1077 2293 (τ’ῥνο
1095 2260 1122 2290 ς,
1143 2249 1232 2289 Ipro
1247 2250 1290 2287 T)
1333 2229 1340 2235 ·
1433 2259 1452 2287 3

118 2330 332 2370 promississe
344 2329 406 2361 AA
420 2341 428 2361 τ
448 2330 587 2370 promisi
601 2329 649 2361 CA
663 2330 741 2370 (pro
757 2303 937 2370 promisse,
951 2328 970 2359 i.
984 2338 1008 2360 e.
1024 2327 1255 2368 promisisse3)
1327 2337 1346 2365 4
1364 2326 1452 2366 lagei

117 2384 194 2405 corr.
213 2374 301 2413 legei
320 2378 358 2405 ut
373 2373 435 2406 vid.
454 2373 511 2404 BA
527 2385 534 2405 :
559 2373 656 2414 lagae
675 2373 722 2405 CA
831 2382 851 2412 5
876 2371 1040 2412 fulgentia
1056 2371 1116 2401 ΑΛ
1132 2382 1139 2401 :
1165 2370 1336 2411 prigentia
1355 2369 1451 2407 (EA)

116 2418 167 2449 vel
182 2418 236 2448 sri-
255 2417 302 2448 CA
479 2419 501 2448 6
525 2417 609 2448 focis
624 2417 684 2446 ΑΛ
700 2429 707 2449 :
730 2416 823 2456 rogis
839 2415 947 2447 BACA
1127 2425 1143 2454 7
1170 2424 1294 2445 nornen
1313 2414 1430 2444 ΑΑΒΑ
1446 2426 1452 2444 ;

117 2472 239 2493 munus
259 2460 308 2492 CA
439 2462 460 2491 8
486 2466 585 2501 putes
598 2461 647 2492 CA
