1648 2729
190 122 244 159 M.
276 121 399 158 VAL.
433 121 748 159 MARTIALIS

755 232 858 269 LIII

188 300 335 339 Omnia
363 300 503 339 misisti
532 300 628 339 mihi
657 301 939 349 Saturnalibus,
971 302 1134 349 Vmber,

242 380 415 414 munera,
447 368 695 406 contulerant
725 380 827 417 quae
856 366 927 405 tibi
957 366 1135 417 quinque
1164 367 1274 406 dies:

190 431 248 470 bis
279 445 396 470 senos
427 431 598 482 triplices
628 439 666 470 et
697 431 958 482 dentiscalpia
986 439 1139 482 septem
1156 446 1167 480 3

243 496 302 535 his
333 510 467 535 comes
495 496 662 535 accessit
691 510 877 547 spongea,
909 509 1063 547 mappa,
1096 496 1206 544 calix,

189 561 471 611 semodiusque
499 562 614 600 fabae
643 575 733 600 cum
763 561 910 600 vimine
939 561 1173 600 Picenarum
1230 597 1233 599 .
1508 579 1525 610 5

244 635 282 665 et
312 628 525 665 Laletanae
554 626 663 677 nigra
692 628 834 677 lagona
863 640 982 677 sapae
998 641 1008 675 3

189 705 387 743 parvaque
415 705 506 730 cum
536 691 644 731 canis
672 699 864 730 venerunt
893 699 1052 731 cottana
1080 691 1215 742 prunis

246 765 283 796 et
313 756 486 808 Libycae
515 756 579 796 fici
607 758 785 808 pondere
814 764 915 796 testa
939 756 1079 808 gravis.

191 823 252 861 vix
282 831 379 873 puto
408 823 565 874 triginta
593 836 848 862 nummorum
878 831 961 862 tota
989 823 1108 861 fuisse

246 902 409 927 munera
437 902 539 939 quae
566 890 735 939 grandes
764 896 856 927 octo
890 890 1013 927 tulere
1047 887 1144 938 Syri,
1488 903 1528 926 10

194 956 356 1004 Quanto
385 954 636 993 commodius
665 956 775 993 nullo
805 953 903 992 mihi
930 955 1029 993 ferre
1057 953 1192 992 labore

246 1019 394 1070 argenti
424 1020 553 1071 potuit
582 1021 759 1070 pondera
788 1019 965 1070 quinque
994 1021 1117 1070 puer!

758 1111 854 1148 LIV

195 1184 357 1232 Semper
387 1195 503 1220 mane
533 1181 629 1220 mihi
659 1183 709 1220 de
739 1195 803 1220 me
832 1194 939 1220 mera
968 1179 1123 1219 somnia
1152 1193 1297 1226 narras,

248 1261 349 1297 quae
379 1254 564 1286 moveant
591 1247 770 1286 animum
800 1246 1091 1296 sollicitentque
1121 1258 1266 1284 meum.

195 1313 270 1351 iam
301 1312 406 1363 prior
433 1314 485 1351 ad
514 1314 677 1361 faecem,
710 1313 780 1351 sed
811 1319 849 1351 et
878 1313 976 1350 haec
1005 1309 1207 1350 vindemia
1235 1309 1353 1357 venit,

248 1385 381 1417 exorat
410 1385 547 1417 noctes
576 1378 672 1417 dum
703 1377 800 1415 mihi
829 1390 920 1428 saga
949 1384 1036 1415 tuas
1051 1390 1062 1424 3

195 1443 424 1493 consumpsi
453 1445 654 1494 salsasque
683 1444 808 1482 molas
837 1449 876 1481 et
905 1441 1000 1481 turis
1028 1454 1218 1489 acervos;
1512 1457 1529 1488 5

248 1510 457 1547 decrevere
485 1522 631 1559 greges,
662 1510 758 1547 dum
789 1507 895 1546 cadit
923 1520 1024 1557 agna
1052 1508 1238 1556 frequens
1253 1520 1265 1554 ,-

195 1587 275 1612 non
304 1587 458 1624 porcus,
490 1587 571 1612 non
600 1572 746 1612 chortis
775 1586 877 1620 aveS‚
909 1585 990 1610 non
1021 1585 1095 1611 ova
1123 1577 1343 1621 supersunt.

247 1647 315 1677 aut
343 1638 459 1689 vigila
485 1646 553 1677 aut
582 1638 721 1686 dormi,
754 1637 984 1685 Nasidiane,
1013 1636 1095 1675 tibi.

760 1728 855 1766 LVI

195 1802 311 1838 Astra
340 1801 558 1850 polumque
587 1799 651 1850 pie
680 1798 819 1849 cepisti
849 1804 994 1844 mente,
1028 1795 1176 1843 Rabiri,

249 1864 494 1903 Parrhasiam
524 1863 621 1903 mira
651 1863 718 1915 qui
748 1863 862 1902 struis
891 1870 973 1901 arte
1002 1863 1179 1900 domum.

196 1930 386 1970 Phidiaco
416 1930 447 1969 si
477 1930 596 1981 digna
626 1930 711 1969 Iovi
742 1930 835 1968 dare
864 1929 1013 1978 templa
1041 1925 1208 1978 parabit,

248 1997 318 2035 has
347 2003 455 2046 petet
484 2010 506 2034 a
535 2003 670 2035 nostro
695 1994 791 2041 ,Pisa
820 1996 1004 2033 Tonante
1035 2005 1186 2031 manus.

240 2099 320 2131 LIII
346 2109 365 2138 5
389 2100 562 2130 semodius
590 2099 609 2130 f.
642 2109 669 2130 e.
698 2099 826 2130 uimide
852 2098 1024 2138 picearum
1052 2096 1107 2126 ΒΑ
1293 2095 1315 2124 6
1339 2093 1532 2126 Lacetanae

195 2143 424 2174 Fm'edlaender
444 2143 490 2173 ad
508 2144 533 2181 Ι,
553 2143 634 2182 xlix,
655 2153 697 2173 22
854 2152 870 2181 7
896 2141 995 2181 pruni
1014 2140 1063 2171 CA
1240 2139 1260 2169 8
1285 2138 1349 2168 fiee
1376 2139 1462 2179 (ἦε)
1481 2138 1530 2169 ΕΑ

198 2197 237 2217 10
262 2187 359 2228 Syri]
377 2187 428 2218 sui
447 2186 497 2217 CA
762 2185 839 2217 LIV
861 2185 936 2216 hab.
964 2184 994 2216 T
1130 2192 1144 2213 1
1171 2181 1254 2213 mihi
1270 2182 1313 2212 de
1330 2191 1385 2212 me
1401 2182 1481 2213 mihi
1499 2191 1525 2212 s.

194 2230 244 2260 B:
270 2230 352 2261 mihi
370 2231 411 2261 de
427 2240 482 2260 me
498 2230 585 2261 mala
601 2240 626 2262 s.
650 2228 770 2261 Gilbert
833 2238 852 2268 5
877 2226 1106 2268 cumsumpsis
1121 2226 1278 2265 salsaque
1297 2224 1348 2256 CA
1416 2236 1434 2265 7
1459 2225 1531 2256 auis

201 2274 230 2303 T
293 2284 361 2305 non
379 2284 470 2304 noua
486 2273 542 2304 BA

240 2317 315 2347 LVI
344 2327 356 2347 1
383 2318 440 2357 pie
466 2316 585 2357 cepisti
611 2319 650 2347 ut
670 2316 734 2348 vid.
757 2316 811 2346 ΒΑ
831 2315 903 2352 (sed
923 2315 977 2355 pia
993 2313 1115 2354 PQf):
1139 2311 1324 2352 precepisti
1343 2315 1381 2342 ut
1394 2311 1457 2344 vid.
1480 2311 1528 2342 CA

202 2362 304 2399 'prec-
322 2361 361 2400 E,
382 2371 497 2400 praec·
522 2360 592 2400 FG,
611 2370 705 2400 perc·
729 2359 846 2398 XAB)
959 2368 978 2388 2
1003 2358 1178 2397 pharrasia
1197 2356 1319 2397 (parr-)
1339 2355 1389 2387 CA
1508 2364 1529 2394 3

195 2404 327 2443 parauit
349 2403 438 2436 codd.
459 2405 492 2445 (i.
502 2415 527 2435 e.
544 2403 606 2434 -bit
620 2405 644 2444 ἒ)
755 2414 774 2442 4
801 2407 895 2443 petet
910 2402 983 2434 BA:
1009 2405 1102 2441 petat
1119 2400 1168 2432 CA
