<?xml version="1.0" encoding="UTF-8"?>
<!DOCTYPE html PUBLIC "-//W3C//DTD XHTML 1.0 Transitional//EN"
    "http://www.w3.org/TR/xhtml1/DTD/xhtml1-transitional.dtd">
<html xmlns="http://www.w3.org/1999/xhtml" xml:lang="en" lang="en">
 <head>
  <title>
</title>
<meta http-equiv="Content-Type" content="text/html;charset=utf-8" />
  <meta name='ocr-system' content='tesseract 3.04.00' />
  <meta name='ocr-capabilities' content='ocr_page ocr_carea ocr_par ocr_line ocrx_word'/>
</head>
<body>
  <div class='ocr_page' id='page_1' title='image "./epigrammatasele00martuoft_0229.png"; bbox 0 0 1648 2729; ppageno 0'>
   <div class='ocr_carea' id='block_1_1' title="bbox 742 155 1351 194">
    <p class='ocr_par' dir='ltr' id='par_1_1' title="bbox 742 155 1351 194">
     <span class='ocr_line' id='line_1_1' title="bbox 742 155 1351 194; baseline 0 -2"><span class='ocrx_word' id='word_1_1' title='bbox 742 155 1214 194; x_wconf 87' lang='lat' dir='ltr'>EPIGRAMMATON</span> <span class='ocrx_word' id='word_1_2' title='bbox 1246 155 1351 193; x_wconf 90' lang='lat' dir='ltr'>LIB.</span> 
     </span>
    </p>
   </div>
   <div class='ocr_carea' id='block_1_2' title="bbox 103 266 1178 778">
    <p class='ocr_par' dir='ltr' id='par_1_2' title="bbox 103 266 1069 385">
     <span class='ocr_line' id='line_1_2' title="bbox 103 266 1069 308; baseline -0.001 -1"><span class='ocrx_word' id='word_1_3' title='bbox 103 275 275 308; x_wconf 88' lang='lat' dir='ltr'>creverat</span> <span class='ocrx_word' id='word_1_4' title='bbox 304 267 368 307; x_wconf 94' lang='lat' dir='ltr'>hic</span> <span class='ocrx_word' id='word_1_5' title='bbox 396 268 528 306; x_wconf 90' lang='lat' dir='ltr'>vultus</span> <span class='ocrx_word' id='word_1_6' title='bbox 557 266 618 306; x_wconf 89' lang='lat' dir='ltr'>bis</span> <span class='ocrx_word' id='word_1_7' title='bbox 648 266 762 306; x_wconf 90' lang='lat' dir='ltr'>denis</span> <span class='ocrx_word' id='word_1_8' title='bbox 791 266 928 306; x_wconf 89' lang='lat' dir='ltr'>fortior</span> <span class='ocrx_word' id='word_1_9' title='bbox 955 266 1069 306; x_wconf 90' lang='lat' dir='ltr'>annis</span> 
     </span>
     <span class='ocr_line' id='line_1_3' title="bbox 155 332 1057 385; baseline -0.003 -12"><span class='ocrx_word' id='word_1_10' title='bbox 155 334 435 385; x_wconf 81' lang='lat' dir='ltr'>gaudebatque</span> <span class='ocrx_word' id='word_1_11' title='bbox 464 346 554 372; x_wconf 91' lang='lat' dir='ltr'>suas</span> <span class='ocrx_word' id='word_1_12' title='bbox 583 332 744 384; x_wconf 83' lang='lat' dir='ltr'><strong>pingere</strong></span> <span class='ocrx_word' id='word_1_13' title='bbox 774 333 897 371; x_wconf 88' lang='lat' dir='ltr'>barba</span> <span class='ocrx_word' id='word_1_14' title='bbox 924 345 1057 382; x_wconf 86' lang='lat' dir='ltr'>genas,</span> 
     </span>
    </p>

    <p class='ocr_par' dir='ltr' id='par_1_3' title="bbox 103 399 1178 517">
     <span class='ocr_line' id='line_1_4' title="bbox 103 399 1178 449; baseline -0.003 -10"><span class='ocrx_word' id='word_1_15' title='bbox 103 406 141 439; x_wconf 94' lang='lat' dir='ltr'>et</span> <span class='ocrx_word' id='word_1_16' title='bbox 169 399 291 439; x_wconf 88' lang='lat' dir='ltr'>libata</span> <span class='ocrx_word' id='word_1_17' title='bbox 319 400 442 438; x_wconf 87' lang='lat' dir='ltr'>semel</span> <span class='ocrx_word' id='word_1_18' title='bbox 471 411 650 437; x_wconf 90' lang='lat' dir='ltr'>summos</span> <span class='ocrx_word' id='word_1_19' title='bbox 679 399 802 437; x_wconf 90' lang='lat' dir='ltr'>modo</span> <span class='ocrx_word' id='word_1_20' title='bbox 831 411 1004 449; x_wconf 82' lang='lat' dir='ltr'>purpura</span> <span class='ocrx_word' id='word_1_21' title='bbox 1033 399 1178 437; x_wconf 90' lang='lat' dir='ltr'>cultros</span> 
     </span>
     <span class='ocr_line' id='line_1_5' title="bbox 157 463 1053 517; baseline -0.002 -12"><span class='ocrx_word' id='word_1_22' title='bbox 157 473 360 517; x_wconf 84' lang='lat' dir='ltr'>sparserat.</span> <span class='ocrx_word' id='word_1_23' title='bbox 421 464 571 504; x_wconf 88' lang='lat' dir='ltr'>Invidit</span> <span class='ocrx_word' id='word_1_24' title='bbox 599 465 651 503; x_wconf 89' lang='lat' dir='ltr'>de</span> <span class='ocrx_word' id='word_1_25' title='bbox 680 463 804 503; x_wconf 89' lang='lat' dir='ltr'>tribus</span> <span class='ocrx_word' id='word_1_26' title='bbox 834 477 914 503; x_wconf 90' lang='lat' dir='ltr'>una</span> <span class='ocrx_word' id='word_1_27' title='bbox 942 477 1053 503; x_wconf 89' lang='lat' dir='ltr'>soror</span> 
     </span>
    </p>

    <p class='ocr_par' dir='ltr' id='par_1_4' title="bbox 103 529 1054 647">
     <span class='ocr_line' id='line_1_6' title="bbox 103 529 892 581; baseline -0.003 -11"><span class='ocrx_word' id='word_1_28' title='bbox 103 539 141 571; x_wconf 94' lang='lat' dir='ltr'>et</span> <span class='ocrx_word' id='word_1_29' title='bbox 170 530 362 570; x_wconf 89' lang='lat' dir='ltr'>festinatis</span> <span class='ocrx_word' id='word_1_30' title='bbox 392 529 532 569; x_wconf 84' lang='lat' dir='ltr'>incidit</span> <span class='ocrx_word' id='word_1_31' title='bbox 560 529 730 568; x_wconf 89' lang='lat' dir='ltr'>stamina</span> <span class='ocrx_word' id='word_1_32' title='bbox 758 529 892 581; x_wconf 89' lang='lat' dir='ltr'>pensis</span> 
     </span>
     <span class='ocr_line' id='line_1_7' title="bbox 155 594 1054 647; baseline -0.002 -12"><span class='ocrx_word' id='word_1_33' title='bbox 155 603 443 647; x_wconf 89' lang='lat' dir='ltr'>apsentemque</span> <span class='ocrx_word' id='word_1_34' title='bbox 472 594 572 646; x_wconf 88' lang='lat' dir='ltr'>patri</span> <span class='ocrx_word' id='word_1_35' title='bbox 600 595 748 634; x_wconf 90' lang='lat' dir='ltr'>rettulit</span> <span class='ocrx_word' id='word_1_36' title='bbox 777 609 876 634; x_wconf 87' lang='lat' dir='ltr'>urna</span> <span class='ocrx_word' id='word_1_37' title='bbox 903 609 1054 646; x_wconf 83' lang='lat' dir='ltr'>rogum.</span> 
     </span>
    </p>

    <p class='ocr_par' dir='ltr' id='par_1_5' title="bbox 104 661 1141 778">
     <span class='ocr_line' id='line_1_8' title="bbox 104 661 1141 712; baseline -0.002 -11"><span class='ocrx_word' id='word_1_38' title='bbox 104 664 183 702; x_wconf 89' lang='lat' dir='ltr'>Sed</span> <span class='ocrx_word' id='word_1_39' title='bbox 213 675 263 702; x_wconf 90' lang='lat' dir='ltr'>ne</span> <span class='ocrx_word' id='word_1_40' title='bbox 292 663 376 701; x_wconf 88' lang='lat' dir='ltr'>sola</span> <span class='ocrx_word' id='word_1_41' title='bbox 405 669 539 700; x_wconf 91' lang='lat' dir='ltr'>tamen</span> <span class='ocrx_word' id='word_1_42' title='bbox 568 675 735 712; x_wconf 91' lang='lat' dir='ltr'>puerum</span> <span class='ocrx_word' id='word_1_43' title='bbox 765 661 918 712; x_wconf 82' lang='lat' dir='ltr'>pictura</span> <span class='ocrx_word' id='word_1_44' title='bbox 946 663 1141 711; x_wconf 84' lang='lat' dir='ltr'>loquatur,</span> 
     </span>
     <span class='ocr_line' id='line_1_9' title="bbox 158 726 1054 778; baseline -0.002 -11"><span class='ocrx_word' id='word_1_45' title='bbox 158 729 257 767; x_wconf 90' lang='lat' dir='ltr'>haec</span> <span class='ocrx_word' id='word_1_46' title='bbox 287 727 358 767; x_wconf 91' lang='lat' dir='ltr'>erit</span> <span class='ocrx_word' id='word_1_47' title='bbox 387 727 427 766; x_wconf 94' lang='lat' dir='ltr'>in</span> <span class='ocrx_word' id='word_1_48' title='bbox 456 727 601 766; x_wconf 89' lang='lat' dir='ltr'>chartis</span> <span class='ocrx_word' id='word_1_49' title='bbox 631 726 756 766; x_wconf 89' lang='lat' dir='ltr'>maior</span> <span class='ocrx_word' id='word_1_50' title='bbox 784 727 916 778; x_wconf 80' lang='lat' dir='ltr'>imago</span> <span class='ocrx_word' id='word_1_51' title='bbox 946 726 1054 765; x_wconf 86' lang='lat' dir='ltr'>meis.</span> 
     </span>
    </p>
   </div>
   <div class='ocr_carea' id='block_1_3' title="bbox 566 819 765 857">
    <p class='ocr_par' dir='ltr' id='par_1_6' title="bbox 566 819 765 857">
     <span class='ocr_line' id='line_1_10' title="bbox 566 819 765 857; baseline -0.005 0"><span class='ocrx_word' id='word_1_52' title='bbox 566 819 765 857; x_wconf 86' lang='lat' dir='ltr'>LXXVII</span> 
     </span>
    </p>
   </div>
   <div class='ocr_carea' id='block_1_4' title="bbox 105 888 1040 1270">
    <p class='ocr_par' dir='ltr' id='par_1_7' title="bbox 106 888 994 1006">
     <span class='ocr_line' id='line_1_11' title="bbox 106 888 994 941; baseline -0.005 -11"><span class='ocrx_word' id='word_1_53' title='bbox 106 891 229 941; x_wconf 88' lang='lat' dir='ltr'>Quod</span> <span class='ocrx_word' id='word_1_54' title='bbox 259 890 456 941; x_wconf 91' lang='lat' dir='ltr'>optimum</span> <span class='ocrx_word' id='word_1_55' title='bbox 486 889 534 928; x_wconf 91' lang='lat' dir='ltr'>sit</span> <span class='ocrx_word' id='word_1_56' title='bbox 563 889 739 941; x_wconf 86' lang='lat' dir='ltr'>disputat</span> <span class='ocrx_word' id='word_1_57' title='bbox 768 888 994 928; x_wconf 90' lang='lat' dir='ltr'>convivium</span> 
     </span>
     <span class='ocr_line' id='line_1_12' title="bbox 158 954 664 1006; baseline -0.004 -11"><span class='ocrx_word' id='word_1_58' title='bbox 158 957 331 995; x_wconf 90' lang='lat' dir='ltr'>facunda</span> <span class='ocrx_word' id='word_1_59' title='bbox 359 955 482 994; x_wconf 84' lang='lat' dir='ltr'>Prisci</span> <span class='ocrx_word' id='word_1_60' title='bbox 510 954 664 1006; x_wconf 86' lang='lat' dir='ltr'>pagina,</span> 
     </span>
    </p>

    <p class='ocr_par' dir='ltr' id='par_1_8' title="bbox 105 1019 946 1138">
     <span class='ocr_line' id='line_1_13' title="bbox 105 1019 946 1069; baseline -0.005 -7"><span class='ocrx_word' id='word_1_61' title='bbox 105 1029 144 1062; x_wconf 90' lang='lat' dir='ltr'>et</span> <span class='ocrx_word' id='word_1_62' title='bbox 173 1023 298 1061; x_wconf 90' lang='lat' dir='ltr'>multa</span> <span class='ocrx_word' id='word_1_63' title='bbox 326 1020 445 1069; x_wconf 89' lang='lat' dir='ltr'>dulci,</span> <span class='ocrx_word' id='word_1_64' title='bbox 477 1023 602 1060; x_wconf 90' lang='lat' dir='ltr'>multa</span> <span class='ocrx_word' id='word_1_65' title='bbox 629 1019 790 1059; x_wconf 87' lang='lat' dir='ltr'>sublimi</span> <span class='ocrx_word' id='word_1_66' title='bbox 819 1021 946 1067; x_wconf 88' lang='lat' dir='ltr'>refert,</span> 
     </span>
     <span class='ocr_line' id='line_1_14' title="bbox 159 1088 753 1138; baseline -0.005 -10"><span class='ocrx_word' id='word_1_67' title='bbox 159 1089 230 1128; x_wconf 92' lang='lat' dir='ltr'>sed</span> <span class='ocrx_word' id='word_1_68' title='bbox 260 1094 404 1128; x_wconf 90' lang='lat' dir='ltr'>cuncta</span> <span class='ocrx_word' id='word_1_69' title='bbox 431 1088 553 1126; x_wconf 90' lang='lat' dir='ltr'>docto</span> <span class='ocrx_word' id='word_1_70' title='bbox 581 1094 753 1138; x_wconf 89' lang='lat' dir='ltr'>pectore.</span> 
     </span>
    </p>

    <p class='ocr_par' dir='ltr' id='par_1_9' title="bbox 108 1150 1040 1270">
     <span class='ocr_line' id='line_1_15' title="bbox 108 1150 1040 1204; baseline -0.004 -11"><span class='ocrx_word' id='word_1_71' title='bbox 108 1154 231 1204; x_wconf 86' lang='lat' dir='ltr'>Quod</span> <span class='ocrx_word' id='word_1_72' title='bbox 260 1152 456 1204; x_wconf 89' lang='lat' dir='ltr'>optimum</span> <span class='ocrx_word' id='word_1_73' title='bbox 486 1152 535 1191; x_wconf 91' lang='lat' dir='ltr'>sit</span> <span class='ocrx_word' id='word_1_74' title='bbox 564 1151 750 1203; x_wconf 86' lang='lat' dir='ltr'>quaeritis</span> <span class='ocrx_word' id='word_1_75' title='bbox 780 1150 1040 1190; x_wconf 89' lang='lat' dir='ltr'>convivium?</span> 
     </span>
     <span class='ocr_line' id='line_1_16' title="bbox 160 1216 771 1270; baseline -0.005 -12"><span class='ocrx_word' id='word_1_76' title='bbox 160 1219 201 1258; x_wconf 91' lang='lat' dir='ltr'>in</span> <span class='ocrx_word' id='word_1_77' title='bbox 231 1232 312 1270; x_wconf 91' lang='lat' dir='ltr'>quo</span> <span class='ocrx_word' id='word_1_78' title='bbox 341 1219 548 1258; x_wconf 91' lang='lat' dir='ltr'>choraules</span> <span class='ocrx_word' id='word_1_79' title='bbox 577 1231 659 1257; x_wconf 90' lang='lat' dir='ltr'>non</span> <span class='ocrx_word' id='word_1_80' title='bbox 689 1216 771 1256; x_wconf 89' lang='lat' dir='ltr'>erit.</span> 
     </span>
    </p>
   </div>
   <div class='ocr_carea' id='block_1_5' title="bbox 560 1315 782 1352">
    <p class='ocr_par' dir='ltr' id='par_1_10' title="bbox 560 1315 782 1352">
     <span class='ocr_line' id='line_1_17' title="bbox 560 1315 782 1352; baseline 0 0"><span class='ocrx_word' id='word_1_81' title='bbox 560 1315 782 1352; x_wconf 91' lang='lat' dir='ltr'>LXXVIII</span> 
     </span>
    </p>
   </div>
   <div class='ocr_carea' id='block_1_6' title="bbox 110 1382 1187 1502">
    <p class='ocr_par' dir='ltr' id='par_1_11' title="bbox 110 1382 1187 1502">
     <span class='ocr_line' id='line_1_18' title="bbox 110 1382 1187 1437; baseline -0.006 -11"><span class='ocrx_word' id='word_1_82' title='bbox 110 1389 265 1426; x_wconf 83' lang='lat' dir='ltr'>Funera</span> <span class='ocrx_word' id='word_1_83' title='bbox 293 1393 383 1437; x_wconf 90' lang='lat' dir='ltr'>post</span> <span class='ocrx_word' id='word_1_84' title='bbox 412 1392 565 1436; x_wconf 87' lang='lat' dir='ltr'>septem</span> <span class='ocrx_word' id='word_1_85' title='bbox 595 1384 729 1435; x_wconf 90' lang='lat' dir='ltr'>nupsit</span> <span class='ocrx_word' id='word_1_86' title='bbox 758 1383 830 1422; x_wconf 90' lang='lat' dir='ltr'>tibi</span> <span class='ocrx_word' id='word_1_87' title='bbox 860 1384 975 1422; x_wconf 87' lang='lat' dir='ltr'>Galla</span> <span class='ocrx_word' id='word_1_88' title='bbox 1003 1382 1187 1430; x_wconf 90' lang='lat' dir='ltr'>virorum,</span> 
     </span>
     <span class='ocr_line' id='line_1_19' title="bbox 164 1448 1096 1502; baseline -0.005 -10"><span class='ocrx_word' id='word_1_89' title='bbox 164 1452 393 1492; x_wconf 88' lang='lat' dir='ltr'>Picentine:</span> <span class='ocrx_word' id='word_1_90' title='bbox 432 1450 545 1502; x_wconf 89' lang='lat' dir='ltr'>sequi</span> <span class='ocrx_word' id='word_1_91' title='bbox 573 1452 667 1499; x_wconf 93' lang='lat' dir='ltr'>vult,</span> <span class='ocrx_word' id='word_1_92' title='bbox 698 1458 807 1501; x_wconf 91' lang='lat' dir='ltr'>puto,</span> <span class='ocrx_word' id='word_1_93' title='bbox 840 1450 955 1489; x_wconf 91' lang='lat' dir='ltr'>Galla</span> <span class='ocrx_word' id='word_1_94' title='bbox 982 1448 1096 1488; x_wconf 91' lang='lat' dir='ltr'>viros.</span> 
     </span>
    </p>
   </div>
   <div class='ocr_carea' id='block_1_7' title="bbox 584 1544 761 1582">
    <p class='ocr_par' dir='ltr' id='par_1_12' title="bbox 584 1544 761 1582">
     <span class='ocr_line' id='line_1_20' title="bbox 584 1544 761 1582; baseline -0.006 0"><span class='ocrx_word' id='word_1_95' title='bbox 584 1544 761 1582; x_wconf 93' lang='lat' dir='ltr'>LXXIX</span> 
     </span>
    </p>
   </div>
   <div class='ocr_carea' id='block_1_8' title="bbox 110 1613 1286 2221">
    <p class='ocr_par' dir='ltr' id='par_1_13' title="bbox 111 1613 1224 1732">
     <span class='ocr_line' id='line_1_21' title="bbox 111 1613 1224 1664; baseline -0.006 -6"><span class='ocrx_word' id='word_1_96' title='bbox 111 1619 260 1658; x_wconf 89' lang='lat' dir='ltr'>Oderat</span> <span class='ocrx_word' id='word_1_97' title='bbox 288 1624 381 1656; x_wconf 90' lang='lat' dir='ltr'>ante</span> <span class='ocrx_word' id='word_1_98' title='bbox 409 1617 559 1656; x_wconf 91' lang='lat' dir='ltr'>ducum</span> <span class='ocrx_word' id='word_1_99' title='bbox 588 1616 758 1654; x_wconf 89' lang='lat' dir='ltr'>famulos</span> <span class='ocrx_word' id='word_1_100' title='bbox 787 1615 1026 1664; x_wconf 87' lang='lat' dir='ltr'>turbamque</span> <span class='ocrx_word' id='word_1_101' title='bbox 1055 1613 1224 1664; x_wconf 88' lang='lat' dir='ltr'>priorem</span> 
     </span>
     <span class='ocr_line' id='line_1_22' title="bbox 164 1680 928 1732; baseline -0.007 -9"><span class='ocrx_word' id='word_1_102' title='bbox 164 1691 203 1723; x_wconf 92' lang='lat' dir='ltr'>et</span> <span class='ocrx_word' id='word_1_103' title='bbox 232 1683 456 1723; x_wconf 88' lang='lat' dir='ltr'>Palatinum</span> <span class='ocrx_word' id='word_1_104' title='bbox 487 1684 620 1721; x_wconf 90' lang='lat' dir='ltr'>Roma</span> <span class='ocrx_word' id='word_1_105' title='bbox 648 1680 928 1732; x_wconf 88' lang='lat' dir='ltr'>supercilium:</span> 
     </span>
    </p>

    <p class='ocr_par' dir='ltr' id='par_1_14' title="bbox 110 1746 1286 1865">
     <span class='ocr_line' id='line_1_23' title="bbox 110 1746 1286 1796; baseline -0.006 -6"><span class='ocrx_word' id='word_1_106' title='bbox 110 1758 149 1790; x_wconf 93' lang='lat' dir='ltr'>at</span> <span class='ocrx_word' id='word_1_107' title='bbox 178 1763 286 1789; x_wconf 91' lang='lat' dir='ltr'>nunc</span> <span class='ocrx_word' id='word_1_108' title='bbox 315 1756 448 1788; x_wconf 88' lang='lat' dir='ltr'>tantus</span> <span class='ocrx_word' id='word_1_109' title='bbox 477 1761 589 1787; x_wconf 88' lang='lat' dir='ltr'>amor</span> <span class='ocrx_word' id='word_1_110' title='bbox 617 1746 785 1795; x_wconf 87' lang='lat' dir='ltr'>cunctis,</span> <span class='ocrx_word' id='word_1_111' title='bbox 813 1748 1004 1796; x_wconf 83' lang='lat' dir='ltr'>Auguste,</span> <span class='ocrx_word' id='word_1_112' title='bbox 1037 1753 1195 1785; x_wconf 89' lang='lat' dir='ltr'>tuorum</span> <span class='ocrx_word' id='word_1_113' title='bbox 1226 1752 1286 1784; x_wconf 86' lang='lat' dir='ltr'>est</span> 
     </span>
     <span class='ocr_line' id='line_1_24' title="bbox 165 1813 1098 1865; baseline -0.005 -11"><span class='ocrx_word' id='word_1_114' title='bbox 165 1823 208 1854; x_wconf 93' lang='lat' dir='ltr'>ut</span> <span class='ocrx_word' id='word_1_115' title='bbox 237 1814 287 1854; x_wconf 91' lang='lat' dir='ltr'>sit</span> <span class='ocrx_word' id='word_1_116' title='bbox 317 1813 460 1865; x_wconf 88' lang='lat' dir='ltr'>cuique</span> <span class='ocrx_word' id='word_1_117' title='bbox 490 1826 585 1852; x_wconf 87' lang='lat' dir='ltr'>suae</span> <span class='ocrx_word' id='word_1_118' title='bbox 614 1826 708 1852; x_wconf 92' lang='lat' dir='ltr'>cura</span> <span class='ocrx_word' id='word_1_119' title='bbox 737 1813 914 1851; x_wconf 87' lang='lat' dir='ltr'>secunda</span> <span class='ocrx_word' id='word_1_120' title='bbox 943 1813 1098 1850; x_wconf 90' lang='lat' dir='ltr'>domus.</span> 
     </span>
    </p>

    <p class='ocr_par' dir='ltr' id='par_1_15' title="bbox 111 1875 1233 1997">
     <span class='ocr_line' id='line_1_25' title="bbox 111 1875 1233 1932; baseline -0.005 -12"><span class='ocrx_word' id='word_1_121' title='bbox 111 1890 192 1920; x_wconf 89' lang='lat' dir='ltr'>tam</span> <span class='ocrx_word' id='word_1_122' title='bbox 221 1879 402 1932; x_wconf 83' lang='lat' dir='ltr'>placidae</span> <span class='ocrx_word' id='word_1_123' title='bbox 431 1886 597 1926; x_wconf 90' lang='lat' dir='ltr'>mentes,</span> <span class='ocrx_word' id='word_1_124' title='bbox 628 1886 737 1917; x_wconf 88' lang='lat' dir='ltr'>tanta</span> <span class='ocrx_word' id='word_1_125' title='bbox 765 1885 824 1916; x_wconf 90' lang='lat' dir='ltr'>est</span> <span class='ocrx_word' id='word_1_126' title='bbox 853 1876 1071 1916; x_wconf 84' lang='lat' dir='ltr'>reverentia</span> <span class='ocrx_word' id='word_1_127' title='bbox 1100 1875 1233 1923; x_wconf 88' lang='lat' dir='ltr'>nostri,</span> 
     </span>
     <span class='ocr_line' id='line_1_26' title="bbox 165 1942 1066 1997; baseline -0.007 -11"><span class='ocrx_word' id='word_1_128' title='bbox 165 1954 247 1986; x_wconf 88' lang='lat' dir='ltr'>tarn</span> <span class='ocrx_word' id='word_1_129' title='bbox 276 1952 417 1997; x_wconf 88' lang='lat' dir='ltr'>pacata</span> <span class='ocrx_word' id='word_1_130' title='bbox 445 1944 569 1995; x_wconf 89' lang='lat' dir='ltr'>quies,</span> <span class='ocrx_word' id='word_1_131' title='bbox 599 1951 731 1982; x_wconf 89' lang='lat' dir='ltr'>tantus</span> <span class='ocrx_word' id='word_1_132' title='bbox 760 1942 800 1981; x_wconf 89' lang='lat' dir='ltr'>in</span> <span class='ocrx_word' id='word_1_133' title='bbox 831 1956 898 1981; x_wconf 92' lang='lat' dir='ltr'>ore</span> <span class='ocrx_word' id='word_1_134' title='bbox 926 1943 1066 1993; x_wconf 89' lang='lat' dir='ltr'>pudor.</span> 
     </span>
    </p>

    <p class='ocr_par' dir='ltr' id='par_1_16' title="bbox 113 2007 1181 2221">
     <span class='ocr_line' id='line_1_27' title="bbox 113 2007 1181 2059; baseline -0.007 -7"><span class='ocrx_word' id='word_1_135' title='bbox 113 2026 232 2052; x_wconf 91' lang='lat' dir='ltr'>nemo</span> <span class='ocrx_word' id='word_1_136' title='bbox 262 2012 511 2051; x_wconf 87' lang='lat' dir='ltr'>suos———haec</span> <span class='ocrx_word' id='word_1_137' title='bbox 541 2017 599 2049; x_wconf 91' lang='lat' dir='ltr'>est</span> <span class='ocrx_word' id='word_1_138' title='bbox 628 2010 742 2048; x_wconf 89' lang='lat' dir='ltr'>aulae</span> <span class='ocrx_word' id='word_1_139' title='bbox 771 2016 911 2047; x_wconf 90' lang='lat' dir='ltr'>natura</span> <span class='ocrx_word' id='word_1_140' title='bbox 939 2007 1181 2059; x_wconf 82' lang='lat' dir='ltr'>potentis—,</span> 
     </span>
     <span class='ocr_line' id='line_1_28' title="bbox 167 2074 1033 2117; baseline -0.007 0"><span class='ocrx_word' id='word_1_141' title='bbox 167 2079 239 2117; x_wconf 89' lang='lat' dir='ltr'>sed</span> <span class='ocrx_word' id='word_1_142' title='bbox 268 2075 421 2116; x_wconf 89' lang='lat' dir='ltr'>domini</span> <span class='ocrx_word' id='word_1_143' title='bbox 450 2088 581 2115; x_wconf 88' lang='lat' dir='ltr'>mores</span> <span class='ocrx_word' id='word_1_144' title='bbox 611 2074 872 2114; x_wconf 89' lang='lat' dir='ltr'>Caesarianus</span> <span class='ocrx_word' id='word_1_145' title='bbox 902 2074 1033 2112; x_wconf 90' lang='lat' dir='ltr'>habet.</span> 
     </span>
     <span class='ocr_line' id='line_1_29' title="bbox 159 2178 853 2221; baseline -0.007 -7"><span class='ocrx_word' id='word_1_146' title='bbox 159 2182 306 2214; x_wconf 89' lang='lat' dir='ltr'>LXXVI</span> <span class='ocrx_word' id='word_1_147' title='bbox 331 2192 351 2221; x_wconf 89' lang='lat'>4</span> <span class='ocrx_word' id='word_1_148' title='bbox 374 2182 512 2221; x_wconf 89' lang='lat' dir='ltr'>cingere</span> <span class='ocrx_word' id='word_1_149' title='bbox 529 2180 605 2211; x_wconf 71' lang='lat' dir='ltr'>BA:</span> <span class='ocrx_word' id='word_1_150' title='bbox 642 2180 785 2221; x_wconf 87' lang='lat' dir='ltr'>pingere</span> <span class='ocrx_word' id='word_1_151' title='bbox 804 2178 853 2210; x_wconf 75' lang='lat' dir='ltr'>CA</span> 
     </span>
    </p>
   </div>
   <div class='ocr_carea' id='block_1_9' title="bbox 115 2220 1323 2311">
    <p class='ocr_par' dir='ltr' id='par_1_17' title="bbox 115 2220 1323 2311">
     <span class='ocr_line' id='line_1_30' title="bbox 159 2220 1323 2266; baseline -0.005 -9"><span class='ocrx_word' id='word_1_152' title='bbox 159 2226 323 2258; x_wconf 90' lang='lat' dir='ltr'>LXXVII</span> <span class='ocrx_word' id='word_1_153' title='bbox 349 2236 369 2257; x_wconf 82' lang='lat'><strong>2</strong></span> <span class='ocrx_word' id='word_1_154' title='bbox 392 2227 502 2266; x_wconf 81' lang='lat' dir='ltr'>prisea</span> <span class='ocrx_word' id='word_1_155' title='bbox 521 2224 571 2257; x_wconf 73' lang='lat' dir='ltr'>CA</span> <span class='ocrx_word' id='word_1_156' title='bbox 687 2234 707 2263; x_wconf 84' lang='lat'><strong>3</strong></span> <span class='ocrx_word' id='word_1_157' title='bbox 734 2223 827 2254; x_wconf 86' lang='lat' dir='ltr'>multi</span> <span class='ocrx_word' id='word_1_158' title='bbox 846 2223 879 2254; x_wconf 90' lang='lat' dir='ltr'>d.</span> <span class='ocrx_word' id='word_1_159' title='bbox 898 2222 947 2254; x_wconf 74' lang='lat' dir='ltr'>CA</span> <span class='ocrx_word' id='word_1_160' title='bbox 1060 2230 1080 2260; x_wconf 87' lang='lat'>5</span> <span class='ocrx_word' id='word_1_161' title='bbox 1105 2220 1255 2261; x_wconf 84' lang='lat' dir='ltr'>optimus</span> <span class='ocrx_word' id='word_1_162' title='bbox 1274 2220 1323 2251; x_wconf 78' lang='lat' dir='ltr'>CA</span> 
     </span>
     <span class='ocr_line' id='line_1_31' title="bbox 115 2269 501 2311; baseline -0.008 -9"><span class='ocrx_word' id='word_1_163' title='bbox 115 2271 247 2302; x_wconf 77' lang='lat' dir='ltr'>nouerit</span> <span class='ocrx_word' id='word_1_164' title='bbox 268 2269 319 2301; x_wconf 75' lang='lat' dir='ltr'>CA</span> <span class='ocrx_word' id='word_1_165' title='bbox 335 2269 373 2310; x_wconf 90' lang='lat' dir='ltr'>(u</span> <span class='ocrx_word' id='word_1_166' title='bbox 383 2275 446 2311; x_wconf 82' lang='lat' dir='ltr'>pro</span> <span class='ocrx_word' id='word_1_167' title='bbox 464 2270 501 2307; x_wconf 81' lang='lat' dir='ltr'>n)</span> 
     </span>
    </p>
   </div>
   <div class='ocr_carea' id='block_1_10' title="bbox 1385 155 1443 192">
    <p class='ocr_par' dir='ltr' id='par_1_18' title="bbox 1385 155 1443 192">
     <span class='ocr_line' id='line_1_32' title="bbox 1385 155 1443 192; baseline 0 0"><span class='ocrx_word' id='word_1_168' title='bbox 1385 155 1443 192; x_wconf 92' lang='lat' dir='ltr'>IX</span> 
     </span>
    </p>
   </div>
   <div class='ocr_carea' id='block_1_11' title="bbox 1409 741 1448 762">
    <p class='ocr_par' dir='ltr' id='par_1_19' title="bbox 1409 741 1448 762">
     <span class='ocr_line' id='line_1_33' title="bbox 1409 741 1448 762; baseline -0.026 0"><span class='ocrx_word' id='word_1_169' title='bbox 1409 741 1448 762; x_wconf 92' lang='lat'>10</span> 
     </span>
    </p>
   </div>
   <div class='ocr_carea' id='block_1_12' title="bbox 1437 2220 1458 2249">
    <p class='ocr_par' dir='ltr' id='par_1_20' title="bbox 1437 2220 1458 2249">
     <span class='ocr_line' id='line_1_34' title="bbox 1437 2220 1458 2249; baseline 0 0"><span class='ocrx_word' id='word_1_170' title='bbox 1437 2220 1458 2249; x_wconf 86' lang='lat'>6</span> 
     </span>
    </p>
   </div>
   <div class='ocr_carea' id='block_1_13' title="bbox 160 2304 1457 2352">
    <p class='ocr_par' dir='ltr' id='par_1_21' title="bbox 160 2304 1457 2352">
     <span class='ocr_line' id='line_1_35' title="bbox 160 2304 1457 2352; baseline -0.006 -6"><span class='ocrx_word' id='word_1_171' title='bbox 160 2313 344 2346; x_wconf 90' lang='lat' dir='ltr'>LXXVIII</span> <span class='ocrx_word' id='word_1_172' title='bbox 367 2313 442 2346; x_wconf 79' lang='lat' dir='ltr'>hab.</span> <span class='ocrx_word' id='word_1_173' title='bbox 462 2312 496 2344; x_wconf 79' lang='lat' dir='ltr'><em>R</em></span> <span class='ocrx_word' id='word_1_174' title='bbox 677 2321 692 2342; x_wconf 87' lang='lat'>1</span> <span class='ocrx_word' id='word_1_175' title='bbox 718 2321 752 2342; x_wconf 89' lang='lat' dir='ltr'>n.</span> <span class='ocrx_word' id='word_1_176' title='bbox 769 2310 809 2352; x_wconf 88' lang='lat' dir='ltr'>t.]</span> <span class='ocrx_word' id='word_1_177' title='bbox 834 2310 982 2350; x_wconf 88' lang='lat' dir='ltr'>nupsisti</span> <span class='ocrx_word' id='word_1_178' title='bbox 1001 2309 1104 2352; x_wconf 87' lang='lat' dir='ltr'>(-bs-)</span> <span class='ocrx_word' id='word_1_179' title='bbox 1125 2309 1174 2340; x_wconf 65' lang='lat' dir='ltr'>CA</span> <span class='ocrx_word' id='word_1_180' title='bbox 1191 2309 1273 2349; x_wconf 78' lang='lat' dir='ltr'>(pro</span> <span class='ocrx_word' id='word_1_181' title='bbox 1290 2306 1406 2347; x_wconf 87' lang='lat' dir='ltr'>nupsit</span> <span class='ocrx_word' id='word_1_182' title='bbox 1423 2304 1457 2346; x_wconf 59' lang='lat' dir='ltr'>ti,</span> 
     </span>
    </p>
   </div>
   <div class='ocr_carea' id='block_1_14' title="bbox 114 2355 760 2400">
    <p class='ocr_par' dir='ltr' id='par_1_22' title="bbox 114 2355 760 2400">
     <span class='ocr_line' id='line_1_36' title="bbox 114 2355 760 2400; baseline -0.008 -10"><span class='ocrx_word' id='word_1_183' title='bbox 114 2360 134 2391; x_wconf 83' lang='lat' dir='ltr'>i.</span> <span class='ocrx_word' id='word_1_184' title='bbox 148 2369 172 2390; x_wconf 80' lang='lat' dir='ltr'>e.</span> <span class='ocrx_word' id='word_1_185' title='bbox 193 2358 308 2398; x_wconf 86' lang='lat' dir='ltr'>nupsit</span> <span class='ocrx_word' id='word_1_186' title='bbox 323 2357 397 2400; x_wconf 86' lang='lat' dir='ltr'>tibi)</span> <span class='ocrx_word' id='word_1_187' title='bbox 531 2367 551 2386; x_wconf 90' lang='lat'><strong>2</strong></span> <span class='ocrx_word' id='word_1_188' title='bbox 574 2355 684 2386; x_wconf 86' lang='lat' dir='ltr'>uirum</span> <span class='ocrx_word' id='word_1_189' title='bbox 700 2355 760 2386; x_wconf 77' lang='grc' dir='ltr'>ΑΛ</span> 
     </span>
    </p>
   </div>
   <div class='ocr_carea' id='block_1_15' title="bbox 115 2393 1462 2486">
    <p class='ocr_par' dir='ltr' id='par_1_23' title="bbox 115 2393 1462 2486">
     <span class='ocr_line' id='line_1_37' title="bbox 161 2393 1462 2439; baseline -0.007 -6"><span class='ocrx_word' id='word_1_190' title='bbox 161 2402 311 2433; x_wconf 87' lang='lat' dir='ltr'>LXXIX</span> <span class='ocrx_word' id='word_1_191' title='bbox 332 2412 382 2433; x_wconf 80' lang='lat' dir='ltr'>vv.</span> <span class='ocrx_word' id='word_1_192' title='bbox 402 2402 464 2432; x_wconf 87' lang='lat'>1-6</span> <span class='ocrx_word' id='word_1_193' title='bbox 478 2400 553 2432; x_wconf 82' lang='lat' dir='ltr'>hab.</span> <span class='ocrx_word' id='word_1_194' title='bbox 577 2400 607 2430; x_wconf 87' lang='lat' dir='ltr'><em>T</em></span> <span class='ocrx_word' id='word_1_195' title='bbox 693 2409 707 2430; x_wconf 93' lang='lat'>1</span> <span class='ocrx_word' id='word_1_196' title='bbox 735 2399 851 2439; x_wconf 85' lang='lat' dir='ltr'>Opera</span> <span class='ocrx_word' id='word_1_197' title='bbox 867 2402 961 2428; x_wconf 86' lang='lat' dir='ltr'>tante</span> <span class='ocrx_word' id='word_1_198' title='bbox 980 2397 1030 2428; x_wconf 78' lang='lat' dir='ltr'>CA</span> <span class='ocrx_word' id='word_1_199' title='bbox 1192 2406 1212 2426; x_wconf 87' lang='lat'>2</span> <span class='ocrx_word' id='word_1_200' title='bbox 1238 2395 1287 2436; x_wconf 90' lang='lat' dir='ltr'>et]</span> <span class='ocrx_word' id='word_1_201' title='bbox 1306 2399 1409 2435; x_wconf 87' lang='lat' dir='ltr'>atque</span> <span class='ocrx_word' id='word_1_202' title='bbox 1425 2393 1462 2423; x_wconf 91' lang='lat' dir='ltr'><em>N</em></span> 
     </span>
     <span class='ocr_line' id='line_1_38' title="bbox 115 2438 1459 2486; baseline -0.007 -8"><span class='ocrx_word' id='word_1_203' title='bbox 115 2456 134 2486; x_wconf 82' lang='lat'><strong>3</strong></span> <span class='ocrx_word' id='word_1_204' title='bbox 161 2451 214 2479; x_wconf 87' lang='lat' dir='ltr'>est</span> <span class='ocrx_word' id='word_1_205' title='bbox 229 2456 296 2478; x_wconf 88' lang='lat' dir='ltr'>om.</span> <span class='ocrx_word' id='word_1_206' title='bbox 318 2446 389 2477; x_wconf 76' lang='lat' dir='ltr'>CA:</span> <span class='ocrx_word' id='word_1_207' title='bbox 411 2445 495 2484; x_wconf 88' lang='lat' dir='ltr'>sort.</span> <span class='ocrx_word' id='word_1_208' title='bbox 511 2449 678 2475; x_wconf 87' lang='lat' dir='ltr'>tuorumst</span> <span class='ocrx_word' id='word_1_209' title='bbox 811 2453 831 2481; x_wconf 87' lang='lat'><strong>4</strong></span> <span class='ocrx_word' id='word_1_210' title='bbox 856 2451 1012 2482; x_wconf 86' lang='lat' dir='ltr'>quaeque</span> <span class='ocrx_word' id='word_1_211' title='bbox 1031 2441 1081 2472; x_wconf 69' lang='lat' dir='ltr'>CA</span> <span class='ocrx_word' id='word_1_212' title='bbox 1213 2441 1235 2470; x_wconf 92' lang='lat'><strong>6</strong></span> <span class='ocrx_word' id='word_1_213' title='bbox 1258 2450 1392 2480; x_wconf 85' lang='lat' dir='ltr'>pagana</span> <span class='ocrx_word' id='word_1_214' title='bbox 1409 2438 1459 2470; x_wconf 77' lang='lat' dir='ltr'>CA</span> 
     </span>
    </p>
   </div>
  </div>
 </body>
</html>
