1648 2729
213 158 269 194 M.
292 157 415 193 VAL.
448 155 763 193 MARTIALIS

212 265 301 316 quis
328 265 459 316 potius
488 266 650 315 cyathos
679 271 746 302 aut
775 263 862 314 quis
891 264 1071 313 crystalla
1098 262 1280 301 tenebit?
1525 276 1542 308 5

268 344 346 381 qua
375 330 528 381 sapient
558 329 698 369 melius
729 329 849 367 mixta
879 330 1044 367 Falerna
1072 329 1223 366 manu?

215 393 254 432 Si
283 401 364 432 tam
393 393 566 432 sidereos
596 400 730 431 manet
759 391 883 430 exitus
912 390 985 429 iste
1014 390 1225 436 ministros,

270 458 448 509 Iuppiter
475 465 606 496 utatur
633 457 711 499 iam
742 457 976 507 Ganymede
1005 469 1114 494 coco.

931 529 950 541 Q

702 563 837 600 LXIX

217 641 414 680 Custodes
444 640 525 686 das,
559 640 679 685 Polla,
711 637 807 685 viro,
838 651 918 675 non
948 635 1094 687 accipis
1123 635 1218 686 ipsa.

270 707 347 744 hoc
376 712 434 743 est
462 718 624 743 uxorem
654 704 809 751 ducere,
842 704 963 749 Polla,
994 701 1132 740 virum.

720 803 833 840 LXX

219 882 341 931 Quod
370 880 467 918 mihi
495 880 558 917 vix
587 892 688 918 unus
719 886 803 917 toto
832 877 931 917 liber
959 884 1071 916 exeat
1099 890 1205 915 anno

272 945 448 985 desidiae
477 944 548 984 tibi
577 958 676 992 sum,
708 945 826 983 docte
856 942 996 990 Potite,
1027 955 1127 981 reus.

218 1011 356 1050 iustius
385 1018 424 1049 at
453 1018 603 1060 quanto
634 1009 772 1048 mirere
801 1009 911 1059 quod
940 1015 1052 1046 exeat
1080 1020 1194 1054 unus,

271 1077 454 1115 labantur
482 1075 555 1114 toti
583 1088 675 1114 cum
705 1074 802 1112 mihi
831 1087 948 1124 saepe
977 1073 1073 1112 dies.

220 1155 300 1180 non
329 1140 576 1180 resalutantis
605 1140 723 1179 video
752 1147 969 1178 nocturnus
997 1138 1159 1185 amicos,
1534 1153 1551 1184 5

272 1207 443 1256 gratulor
471 1213 510 1245 et
539 1205 699 1253 multis3
735 1217 866 1252 nemo,
899 1203 1038 1250 Potite,
1070 1201 1178 1241 mihi.

220 1285 326 1310 nunc
355 1273 406 1310 ad
435 1271 637 1310 luciferam
667 1270 793 1320 signat
822 1283 910 1308 mea
938 1282 1096 1319 gemma
1125 1267 1308 1314 Dianam,

274 1350 382 1375 nunc
411 1350 475 1375 me
502 1336 628 1387 prima
657 1335 742 1383 sibi,
774 1348 881 1373 nunc
911 1333 985 1372 sibi
1015 1333 1154 1384 quinta
1181 1332 1291 1383 rapit.

221 1415 328 1441 nunc
357 1403 495 1440 consul
525 1409 728 1451 praetorve
757 1407 864 1438 tenet
893 1400 1138 1449 reducesque
1167 1399 1345 1445 choreae,

274 1467 432 1506 auditur
460 1474 545 1506 toto
574 1480 692 1517 saepe
721 1473 839 1516 poeta
868 1464 943 1504 die.
1517 1477 1555 1500 10

223 1534 292 1571 sed
322 1546 396 1571 nec
425 1531 627 1571 causidico
657 1530 783 1581 possis
812 1529 962 1580 inpune
991 1542 1143 1579 negare,

276 1612 350 1636 nec
379 1597 412 1636 si
440 1605 478 1636 te
506 1598 639 1635 rhetor
665 1595 992 1646 grammaticusve
1020 1601 1181 1644 rogent:

225 1665 365 1702 balnea
393 1670 483 1713 post
512 1664 722 1701 decumam
751 1662 856 1699 lasso
884 1668 1126 1708 centumque
1154 1665 1342 1709 petuntur

277 1729 526 1779 quadrantes.
586 1726 671 1766 Fiet
700 1727 872 1776 quando,
905 1724 1044 1771 Potite,
1075 1723 1202 1762 liber?

709 1827 843 1864 LXXI

227 1904 417 1955 Quisquis
446 1905 549 1942 laeta
577 1902 653 1941 tuis
683 1909 721 1940 et
751 1915 835 1940 sera
863 1900 1092 1951 parentibus
1121 1906 1234 1949 optas

279 1970 367 2016 fata,
401 1969 559 2007 brevem
589 1967 747 2006 titulum
778 1964 980 2004 marmoris
1011 1964 1126 2002 huius
1155 1977 1255 2002 ama.

226 2034 405 2073 condidit
433 2035 508 2072 hac
537 2046 645 2072 caras
674 2033 810 2070 tellure
841 2030 1024 2069 Rabirius
1054 2029 1212 2068 umbras
1227 2043 1238 2076 3

280 2099 378 2137 nulli
407 2107 510 2138 sorte
538 2098 668 2137 iacent
697 2095 926 2136 candidiore
955 2108 1092 2134 senes:

229 2164 288 2203 bis
318 2178 385 2203 sex
413 2166 534 2202 lustra
562 2163 636 2202 tori
664 2176 743 2201 nox
773 2161 876 2200 mitis
907 2168 944 2199 et
974 2159 1111 2199 ultima
1140 2158 1265 2206 clusit,
1540 2174 1556 2205 5

281 2237 458 2269 arserunt
487 2242 568 2267 uno
597 2230 735 2267 funera
764 2226 857 2265 bina
886 2239 991 2275 rogo.

274 2334 371 2365 LXX
395 2343 414 2373 5
440 2344 529 2365 nunc
546 2324 625 2365 Itals
743 2342 763 2370 9
789 2340 934 2362 coronae
952 2329 1079 2360 Munro
1194 2338 1232 2358 12
1255 2327 1561 2367 grammaticusque

231 2379 304 2409 Ital.
396 2382 491 2416 reget
507 2387 584 2407 corr.
607 2380 705 2414 roget
723 2375 774 2414 Q:
799 2374 930 2414 rogetf
1139 2371 1255 2402 LXXI
1279 2383 1329 2403 vv.
1357 2381 1417 2410 1-4
1436 2370 1510 2402 hab.
1528 2370 1562 2401 R

231 2434 249 2461 4
275 2421 366 2452 nulla
381 2421 442 2451 ΑΑ
573 2429 593 2460 5
618 2424 651 2450 et
670 2419 768 2449 unica
789 2417 928 2449 Gilberl:
952 2421 985 2447 at
1002 2415 1119 2447 ultima
1135 2414 1275 2447 Schenkl
