1648 2729
198 117 668 156 EPIGRAMMATON
698 118 802 156 LIB.
833 118 892 156 VI

198 228 340 265 stultus
370 235 408 266 et
436 226 610 278 ingratus
639 240 714 266 nec
743 235 853 266 tanto
882 240 1046 265 munere
1074 226 1217 277 dignus

250 292 319 342 qui
348 295 496 331 mavult
524 294 636 332 heres
665 293 795 332 divitis
825 306 910 331 esse
940 292 1088 331 Midae.

197 358 398 407 possideat
427 358 595 408 Libycas
624 358 762 397 messis
793 360 1072 407 Hermumque
1101 359 1348 407 Tagumque,
1511 374 1528 405 5

251 430 289 461 et
319 431 429 473 potet
459 425 625 470 caldam,
658 423 726 473 qui
755 422 853 460 mihi
882 422 986 470 livet,
1016 436 1173 472 aquam.

637 527 874 565 LXXXVII

199 602 250 640 Di
280 602 351 641 tibi
380 604 477 641 dent
505 610 543 641 et
572 610 626 650 tu,
658 603 812 649 Caesar,
845 615 1121 652 quaecumque
1150 601 1331 641 mereris:

249 668 291 706 di
321 667 416 705 mihi
445 669 542 706 dent
570 676 609 706 et
637 676 679 706 tu
708 681 810 718 quae
838 669 939 714 volo,
972 667 1004 705 si
1033 667 1168 705 merui.

623 772 884 809 LXXXVIII

198 844 320 880 Mane
349 841 513 880 salutavi
541 855 634 880 vero
664 850 702 880 te
730 841 893 880 nomine
922 854 1015 880 casu

251 921 325 946 nee
354 907 434 945 dixi
463 907 684 954 dominum,
716 906 953 954 Caeciliane,
985 920 1130 945 meum.

199 972 349 1022 Quanti
378 972 536 1011 libertas
567 980 722 1011 constat
751 972 849 1010 mihi
879 980 998 1019 tanta,
1030 971 1227 1022 requiris?

251 1038 424 1078 Centum
454 1039 693 1087 quadrantes
722 1037 884 1076 abstulit
913 1037 979 1075 illa
1008 1036 1115 1075 mihi.

694 1136 817 1175 XCII

304 1207 489 1246 Caelatus
518 1205 590 1245 tibi
618 1219 709 1244 eum
740 1206 798 1253 sit,
830 1205 1026 1253 Anniane,

303 1285 463 1322 serpens
492 1271 532 1309 in
561 1279 696 1322 patera
726 1273 917 1321 Myronos
946 1279 1038 1318 arte,

303 1336 498 1375 Vaticana
526 1337 656 1376 bibis:
695 1336 799 1375 bibis
828 1349 1038 1374 venenum.

693 1434 832 1474 XCIV

198 1507 405 1544 Ponuntur
433 1519 588 1556 semper
617 1505 877 1555 chrysendeta
906 1503 1141 1554 Calpetiano

249 1570 330 1609 sive
359 1570 451 1609 foris
481 1584 550 1608 seu
579 1583 670 1608 curn
700 1577 816 1608 cenat
843 1568 884 1607 in
913 1569 1010 1607 urbe
1039 1567 1160 1607 domi.

195 1635 251 1674 sic
281 1635 399 1673 etiarn
428 1635 468 1673 in
499 1635 656 1673 stabulo
686 1647 851 1684 semper,
884 1633 940 1672 sie
969 1641 1084 1672 cenat
1112 1632 1154 1670 in
1181 1646 1286 1683 agro.

251 1702 344 1739 Non
373 1701 494 1739 habet
523 1713 615 1749 ergo
644 1699 781 1738 aliud?
839 1701 932 1738 Non
962 1699 1082 1736 habet
1111 1698 1234 1736 immo
1263 1712 1390 1736 suum.

240 1803 422 1834 LXXXVI
449 1813 468 1842 3
486 1802 579 1841 digni
597 1802 645 1833 CA
734 1811 754 1841 5
778 1812 964 1841 sagumque
979 1801 1028 1832 CA
1117 1802 1138 1831 6
1161 1801 1243 1832 libet
1258 1801 1349 1833 codd.
1370 1801 1434 1842 (i.e.
1452 1802 1528 1843 liv-)

240 1847 457 1877 LXXXVIII
474 1847 548 1877 lzab.
574 1846 605 1876 T
750 1856 763 1875 1
790 1846 927 1875 numine
946 1845 994 1875 CA
1151 1855 1171 1874 2
1195 1845 1379 1875 caeciliane
1394 1845 1531 1877 AACA:

196 1891 364 1921 sosibiane
380 1890 435 1920 ΒΑ
535 1900 555 1928 3
579 1894 712 1920 constat
728 1889 787 1918 AA
803 1901 808 1919 :
835 1894 969 1920 constet
984 1888 1037 1918 ΒΑ
1057 1887 1130 1929 (sed
1143 1888 1316 1919 constatL
1327 1892 1404 1919 ante
1417 1889 1531 1931 corr.):

196 1939 330 1965 constet
349 1933 425 1974 (EA
433 1932 503 1973 CG)
521 1934 571 1964 vel
583 1938 713 1964 constat
731 1931 826 1972 (XB)
848 1932 895 1963 CA

239 1977 335 2008 XCII
360 1989 380 2008 2
403 1987 539 2016 semper
565 1976 598 2007 in
624 1982 776 2017 pateram
799 1986 928 2016 pronos
951 1986 982 2007 a.
1007 1975 1063 2006 ΒΑ
1160 1980 1232 2006 arte
1255 1974 1333 2007 BA:
1359 1981 1452 2007 artes
1469 1975 1528 2014 CA,

191 2022 267 2058 sort.
289 2025 365 2051 recte

196 2064 393 2138 CAXCIVdI
413 2064 598 2104 palpetano
612 2066 649 2094 ut
660 2063 724 2094 vid.
741 2062 789 2094 CA
803 2064 997 2103 (calpetano
1011 2062 1094 2102 B²C‚
1104 2062 1186 2102 fori.
1205 2064 1292 2103 recte)
1396 2072 1415 2092 2
1431 2062 1529 2093 fortis

262 2113 299 2139 ut
315 2119 344 2139 vt
370 2132 377 2139 .
