1648 2729
783 187 1252 228 EPIGRAMMATON
1284 190 1387 227 LIB.
1423 191 1443 241 I·

105 297 241 349 accipe
270 311 351 337 non
382 298 496 337 Pario
526 297 705 336 nutantia
733 300 912 348 pondera
941 313 1045 347 saxo,

158 377 260 413 quae
289 363 411 402 cineri
439 377 563 401 vanus
593 364 661 402 dat
689 363 836 402 ruitura
865 365 986 412 labor,

104 429 174 467 sed
203 428 336 467 faciles
366 429 492 467 buxos
522 436 561 467 et
590 442 735 479 opacas
764 429 936 479 palmitis
968 431 1127 468 umbras
1421 449 1437 479 5

157 507 339 544 quaeque
368 494 493 532 virent
522 494 691 533 lacrimis
721 494 876 533 roscida
904 503 1014 545 prata
1043 496 1140 534 meis

101 558 250 608 accipe,
281 572 370 598 care
399 572 506 609 puer,
538 559 662 598 nostri
692 559 938 599 monimenta
967 561 1139 600 doloris:

157 623 222 662 hic
251 623 322 662 tibi
353 632 545 674 perpetuo
575 632 754 675 ternpore
782 625 888 664 vivet
919 627 1057 664 honor.

104 702 194 726 cum
225 688 321 726 mihi
350 703 555 740 supremos
587 689 774 729 Lachesis
804 690 1024 740 perneverit
1053 704 1191 737 annos,

157 767 238 792 non
267 753 378 793 aliter
405 754 556 794 cineres
586 757 735 794 mando
764 754 890 794 iacere
920 769 1041 794 meos.
1400 771 1437 794 10

552 844 769 881 LXXXIX

103 911 234 950 Garris
264 911 304 950 in
332 926 468 951 aurem
498 927 653 964 semper
682 913 880 960 omnibus,
913 913 1054 960 Cinna,

100 976 243 1026 garrire
272 985 310 1016 et
339 977 436 1017 illud
466 985 565 1017 teste
594 979 704 1028 quod
733 978 824 1017 licet
853 979 978 1017 turba.

102 1041 204 1083 rides
233 1042 274 1080 in
302 1056 448 1090 aurem,
481 1043 665 1093 quereris,
696 1043 835 1093 arguis,
869 1045 1009 1094 ploras,

101 1115 236 1146 cantas
265 1107 305 1146 in
334 1122 480 1156 aurem,
512 1108 675 1156 iudicas,
707 1116 826 1156 taces,
856 1110 1015 1156 clamas,

100 1174 283 1223 adeoque
311 1173 467 1223 penitus
498 1174 599 1213 sedit
629 1173 693 1212 hic
723 1173 794 1212 tibi
824 1174 997 1220 morbus,
1419 1192 1435 1222 5

102 1245 143 1276 ut
173 1252 291 1290 saepe
319 1238 360 1277 in
389 1253 535 1287 aurern,
570 1239 710 1287 Cinna,
744 1241 956 1279 Caesarem
986 1240 1134 1279 laudes.

611 1323 710 1362 XCI

101 1392 204 1430 Cum
234 1399 302 1430 tua
330 1405 411 1430 non
441 1394 547 1440 edas,
579 1392 705 1442 carpis
735 1406 824 1431 mea
852 1391 1036 1440 carmina,
1070 1392 1190 1431 Laeli.

153 1470 312 1507 carpere
340 1459 402 1496 vel
431 1457 513 1496 noli
541 1466 675 1497 nostra
702 1459 764 1497 vel
793 1459 867 1497 ede
897 1466 973 1496 tua.

585 1541 732 1579 XCIII

101 1609 282 1648 Fabricio
311 1609 468 1648 iunctus
498 1611 580 1649 fido
608 1610 819 1661 requiescit
847 1610 1043 1660 Aquinus,

153 1673 222 1724 qui
250 1674 355 1725 prior
385 1675 538 1725 Elysias
565 1677 712 1725 gaudet
740 1675 870 1714 adisse
899 1676 1053 1714 domos,

98 1753 164 1777 ara
192 1741 340 1789 duplex
368 1740 483 1790 primi
513 1749 678 1780 testatur
707 1754 870 1780 munera
899 1740 990 1791 pili:

153 1806 241 1855 plus
270 1812 404 1844 tamen
434 1814 502 1853 est,
535 1806 650 1845 titulo
680 1808 789 1856 quod
817 1806 998 1845 breviore
1026 1805 1145 1857 legis:

101 1869 289 1906 ‘Iunctus
318 1876 484 1918 uterque
513 1882 624 1908 sacro
653 1870 836 1908 laudatae
864 1870 1025 1908 foedere
1053 1868 1166 1912 vitae,
1416 1889 1432 1919 5

151 1933 337 1982 famaque
366 1935 475 1983 quod
504 1947 590 1973 raro
619 1934 740 1981 novit,
771 1934 921 1973 amicus
951 1935 1056 1972 erat.’

142 2035 361 2067 LXXXVIII
385 2047 405 2075 3
429 2038 547 2077 accipe
575 2037 711 2069 AACA:
741 2037 857 2077 aspice
886 2037 942 2067 BA
1113 2037 1228 2078 Pario]
1263 2048 1371 2077 paruo
1409 2040 1438 2070 T

98 2090 117 2118 4
144 2083 220 2120 post
248 2090 278 2112 v.
315 2091 331 2119 7
369 2081 418 2111 CA
450 2082 500 2116 <in
535 2082 697 2121 archetypi
724 2092 832 2122 marg.
867 2084 1004 2112 steterat.
1069 2080 1188 2112 Simile
1217 2082 1349 2113 mitium
1381 2093 1433 2114 vv.

97 2133 131 2162 3,
149 2134 167 2162 7
191 2124 308 2163 accipe
333 2135 433 2155 causa
458 2125 733 2165 transposittbm'sl
947 2135 966 2164 5
991 2125 1106 2155 faciles
1132 2125 1269 2156 AACA:
1296 2126 1434 2166 fragiles

97 2166 154 2196 BA
234 2167 313 2198 bux'
333 2169 366 2208 (ι’.
379 2179 402 2199 e.
423 2169 533 2199 buxus
543 2170 572 2207 ἲ)
592 2173 629 2198 ut
644 2169 705 2200 vid.
727 2169 777 2199 CA
908 2178 926 2208 7
950 2169 1067 2207 accipe
1083 2169 1175 2199 carel
1195 2179 1291 2200 acum
1308 2180 1434 2209 pecore
1492 2177 1495 2179 '

102 2210 133 2240 T
299 2212 319 2241 8
340 2212 521 2254 uiuitAA3
540 2213 633 2244 uiuet
646 2212 756 2243 BACA
924 2223 944 2252 9
964 2222 1143 2252 supremus
1162 2213 1218 2244 La.
1237 2215 1433 2252 peruenerit

96 2264 208 2284 annus
225 2255 285 2284 ΑΑ

142 2297 330 2328 LXXXIX
354 2309 373 2328 2
396 2299 504 2338 garris
520 2299 597 2331 Ital.
728 2309 747 2338 5
771 2300 925 2339 adeoque
942 2299 1020 2330 BA:
1043 2300 1175 2330 adeone
1194 2299 1244 2330 CA

142 2341 260 2372 XCIII
281 2352 295 2372 1
314 2342 485 2384 Aquinus]
500 2344 626 2374 amicus
637 2342 694 2372 BA
705 2343 820 2379 (sedin
831 2343 986 2374 lemmate
999 2353 1043 2373 DE
1056 2353 1197 2373 TVMVLO
1207 2345 1430 2383 AQV1N1,etc.l

97 2395 117 2414 2
134 2385 246 2415 abisse
263 2385 341 2416 BA:
365 2387 478 2417 adisse
496 2387 546 2418 CA
676 2397 696 2425 4
714 2387 760 2427 pl.
778 2391 801 2421 t,
815 2392 867 2418 est
879 2387 952 2420 BA:
980 2387 1180 2426 inscriptum
1202 2387 1252 2417 CA
1270 2387 1304 2427 (i.
1319 2391 1372 2418 est
1382 2387 1431 2417 ΧΧ

98 2429 215 2468 (gloss,
248 2433 286 2458 ut
314 2430 394 2469 vid.)
484 2430 570 2469 legis
595 2430 672 2461 BA:
702 2430 798 2470 leges
825 2431 875 2462 CA
1028 2439 1048 2470 5
1064 2431 1201 2461 functus
1225 2431 1281 2461 ΒΑ
1304 2434 1343 2461 ut
1363 2431 1430 2462 vid.

96 2473 118 2501 6
142 2482 174 2511 q.
192 2482 287 2503 raros
303 2473 368 2512 BA,
390 2473 476 2504 unde
491 2484 577 2513 quos
593 2484 687 2505 raros
704 2473 797 2514 Rooy

141 2537 247 2558 MART.
265 2537 317 2559 ειν.
338 2537 386 2559 sc.
409 2537 462 2560 En.
1327 2529 1347 2560 3
