1648 2729
177 162 234 199 M.
265 162 388 199 VAL.
422 161 737 199 MARTIALIS

177 273 248 312 tibi
274 274 325 312 ab
353 274 449 312 urbe
476 280 514 311 et
539 272 709 323 exigenti
738 271 1044 322 negarem—cui
1075 284 1156 309 non
1183 272 1308 310 refero
1337 269 1512 320 gratiam,

119 361 159 383 20
177 338 209 377 si
238 346 392 377 tantum
422 352 469 377 ea
497 346 653 389 praesto
680 351 782 388 quae
808 350 1037 388 possum——,
1064 335 1239 387 inperavi
1271 335 1378 383 mihi,
1405 337 1515 386 quod

177 404 381 454 indulgere
402 417 648 450 consueram,
672 411 710 442 et
733 402 867 442 studui
892 402 1140 453 paucissimis
1167 401 1322 448 diebus,
1344 409 1387 440 ut
1407 401 1516 440 fami-

177 470 402 508 liarissimas
432 469 529 507 mihi
558 482 671 507 aures
702 477 788 507 tuas
810 468 1031 519 exciperem
1052 467 1283 506 adventoria
1312 480 1392 505 sua.
1451 468 1515 504 Tu

177 535 294 573 velim
315 534 398 581 ista,
423 548 524 585 quae
545 542 697 572 tantum
718 536 825 584 apud
847 542 884 573 te
905 547 987 572 non
1007 533 1286 583 periclitantur,
1310 531 1517 582 diligenter

178 600 385 639 aestimare
414 608 452 638 et
482 607 663 638 excutere
693 613 774 638 non
804 599 971 650 graveris
986 614 996 647 3
1030 607 1080 646 et,
1103 599 1212 648 quod
1237 597 1308 636 tibi
1339 596 1519 636 difficilli-

120 687 134 707 2
141 685 157 717 5
181 680 288 704 mum
312 673 380 713 est,
399 667 449 704 de
465 665 578 715 nugis
592 665 734 703 nostris
750 665 901 703 iudices
918 664 1044 703 nitore
1061 663 1246 714 seposito,
1262 676 1312 702 ne
1329 664 1515 709 Romam,

180 731 211 769 si
242 731 295 769 ita
329 730 558 777 decreveris,
589 744 670 768 non
702 729 1015 780 Hispaniensem
1044 729 1186 767 librum
1210 728 1424 775 mittamus,
1446 729 1517 766 sed

181 796 420 847 Hispanum.

730 873 748 909 Ι

181 954 297 993 Retia
325 956 422 993 dum
443 961 598 992 cessant
628 955 910 1004 latratoresque
944 952 1112 992 Molossi

233 1028 272 1059 et
300 1033 381 1058 non
410 1019 572 1057 invento
601 1019 698 1058 silva
726 1018 893 1069 quiescit
921 1032 1028 1069 apro,

179 1085 270 1132 otia,
302 1084 444 1132 Prisce,
476 1084 584 1123 brevi
613 1084 759 1135 poteris
789 1085 938 1123 donare
966 1084 1114 1122 libello.

234 1153 330 1189 hora
359 1164 433 1189 nec
462 1149 609 1188 aestiva
638 1157 697 1188 est
725 1163 799 1188 nec
830 1149 901 1188 tibi
930 1158 1013 1188 tota
1042 1149 1152 1199 perit.

651 1267 693 1304 II
726 1265 829 1317 (111)

182 1350 245 1388 Ad
275 1350 444 1400 populos
475 1348 577 1387 mitti
607 1348 675 1398 qui
704 1361 830 1398 nuper
857 1349 908 1386 ab
938 1348 1035 1386 urbe
1064 1347 1232 1394 solebas,

234 1414 308 1453 ibis
338 1414 376 1453 io
408 1416 581 1453 Romam
611 1427 717 1452 nunc
747 1413 949 1464 peregrine
978 1413 1077 1451 liber

179 1480 332 1518 auriferi
363 1481 413 1518 de
443 1487 559 1529 gente
588 1479 686 1529 Tagi
717 1479 922 1528 tetricique
952 1478 1116 1525 Salonis,

235 1547 303 1584 dat
331 1545 477 1596 patrios
507 1558 643 1583 manes
673 1558 774 1594 quae
804 1544 901 1582 mihi
930 1552 1031 1583 terra
1059 1552 1212 1595 potens.

181 1625 262 1650 non
291 1619 425 1650 tamen
455 1612 600 1661 hospes
630 1610 703 1649 eris
733 1624 808 1649 nec
836 1610 914 1649 iam
944 1618 1057 1661 potes
1087 1612 1242 1650 advena
1271 1611 1362 1660 dici,
1500 1629 1517 1659 5

235 1676 346 1715 cuius
376 1677 497 1714 habet
526 1678 661 1714 fratres
691 1684 749 1714 tot
779 1677 922 1714 domus
952 1677 1030 1714 alta
1061 1677 1191 1715 Remi.

182 1742 264 1780 iure
293 1750 362 1780 tuo
392 1743 617 1780 veneranda
646 1740 737 1779 novi
767 1749 857 1791 pete
887 1740 1023 1779 limina
1052 1742 1200 1793 templi,

236 1806 389 1845 reddita
420 1806 547 1844 Pierio
577 1814 667 1844 sunt
697 1805 765 1843 ubi
795 1807 943 1855 templa
971 1806 1106 1844 choro.

181 1872 241 1909 vel
272 1870 304 1909 si
333 1870 526 1918 malueris,
557 1870 684 1920 prima
712 1869 887 1920 gradiere
918 1870 1095 1918 Subura;

235 1935 331 1974 atria
360 1944 451 1974 sunt
480 1935 558 1974 illic
587 1935 761 1973 consulis
789 1936 868 1973 alta
898 1935 998 1974 mei:
1481 1952 1519 1974 10

230 2050 269 2079 19
294 2050 360 2070 non
380 2039 493 2070 resero
510 2039 608 2079 (EA)
626 2040 676 2070 vel
690 2039 801 2070 refero
814 2037 918 2080 (XV)
935 2039 983 2070 CA
1073 2050 1116 2071 20
1140 2051 1276 2080 possum
1288 2041 1342 2072 ΒΑ
1359 2052 1366 2072 :
1389 2042 1518 2082 possim

186 2082 234 2113 CA
307 2083 482 2123 imperabo
501 2083 550 2114 CA
573 2084 656 2124 (pro
673 2084 733 2122 -bi,
750 2084 769 2114 ι’.
787 2094 810 2114 e.
834 2083 897 2123 -vi)
988 2094 1027 2114 21
1055 2095 1299 2116 consueueram
1317 2085 1374 2115 ΒΑ
1477 2096 1518 2116 22

182 2127 382 2157 adventoria
399 2127 475 2168 sua]
501 2128 736 2158 aduentoriam
771 2126 820 2158 CA
926 2137 965 2165 23
990 2132 1011 2158 t.
1032 2138 1101 2158 non
1120 2138 1149 2159 a.
1179 2134 1213 2160 te
1231 2139 1299 2159 non
1317 2129 1367 2160 CA
1476 2139 1518 2168 25

183 2170 302 2201 nidore
320 2170 374 2200 ΒΑ
487 2172 529 2201 26
554 2171 716 2201 decreuef‘
732 2170 766 2211 (τ’.
783 2182 805 2202 e.
826 2171 1035 2203 decreveris&
1050 2171 1098 2202 CA
1113 2173 1327 2211 (decreueris
1336 2172 1381 2212 X,
1401 2173 1518 2203 decre-

183 2224 244 2244 uer
265 2214 344 2253 EA,
388 2215 590 2246 decreuerer
606 2215 646 2255 F,
694 2215 879 2245 decreuero
896 2214 969 2254 BV,
1004 2215 1229 2247 decreuerunt
1250 2216 1291 2253 C)
1394 2217 1517 2247 librum

183 2257 261 2287 BA:
284 2268 349 2288 0111.
372 2258 421 2288 CA
728 2258 759 2288 II
784 2269 834 2288 vv.
859 2260 963 2297 17‘18
980 2258 1054 2290 lzab.
1080 2258 1110 2289 T
1241 2270 1254 2290 1
1283 2259 1492 2299 populosBA
1512 2271 1519 2290 :

183 2301 345 2340 populum
360 2301 410 2332 CA
456 2301 554 2332 mittit
572 2301 620 2341 (E
631 2306 705 2332 ante
719 2312 798 2333 corr.
815 2302 866 2337 A)
883 2302 933 2332 vel
952 2301 1037 2332 mitti
1056 2302 1121 2342 (X)
1143 2302 1193 2333 CA
1291 2314 1310 2333 2
1335 2304 1367 2334 io
1383 2314 1449 2334 om.
1469 2303 1518 2334 CA

183 2356 200 2382 4
226 2355 344 2375 amnes
364 2355 449 2384 quos
472 2345 655 2375 Housman
682 2346 801 2383 (Class.
830 2346 910 2376 Rev.
941 2346 986 2377 iii.
1010 2347 1118 2384 200):
1156 2347 1259 2377 armis
1283 2357 1369 2386 quos
1395 2347 1519 2378 Gilbert

183 2399 269 2427 quae
285 2387 359 2419 BA:
386 2389 476 2427 quod
496 2388 546 2419 CA
600 2389 659 2419 tibi
675 2389 730 2419 BA
749 2401 755 2419 ;
780 2389 859 2419 mihi
878 2389 927 2419 CA
1041 2391 1061 2420 8
1086 2389 1158 2431 ubi]
1182 2390 1242 2420 tibi
1257 2390 1313 2420 ΒΑ
1373 2390 1516 2430 templa]

183 2437 272 2462 tecta
288 2431 449 2462 Heinsius
546 2433 645 2463 thoro
666 2432 713 2463 CA
733 2435 760 2473 <t
775 2438 836 2473 pro
852 2434 885 2473 c)
1035 2443 1074 2464 10
1099 2433 1164 2464 illic
1182 2433 1259 2464 BA:
1283 2433 1376 2465 illinc
1396 2434 1445 2465 CA
1462 2435 1517 2474 (cf.

186 2475 303 2506 thberl
319 2476 351 2505 iu
370 2476 455 2506 uotis
471 2476 600 2517 criticis)
