1648 2729
763 153 1232 192 EPIGRAMMATON
1264 148 1368 190 LIB.
1402 153 1444 190 11

638 268 697 305 VI

217 351 235 388 I
266 363 383 396 nunc,
416 350 533 388 edere
563 362 626 387 me
655 348 747 387 iube
776 348 941 386 libellos

215 415 326 453 lectis
355 414 418 453 vix
448 414 519 453 tibi
548 413 699 465 paginis
729 414 885 452 duabus

216 487 370 530 spectas
400 479 723 527 eschatocollion,
756 480 909 526 Severe,

216 553 254 584 et
283 547 420 595 longas
450 545 569 584 trahis
599 544 866 584 oscitationes.

217 612 332 649 Haec
361 618 466 659 sunt,
495 624 597 661 quae
626 612 824 660 relegente
855 624 917 648 me
948 610 1103 648 solebas
1426 626 1442 656 5

217 683 327 726 rapta
356 676 585 724 exscribere,
618 676 689 714 sed
718 675 954 723 Vitellianis,

216 741 314 779 haec
344 748 445 788 sunt,
478 740 630 790 singula
659 754 761 791 quae
791 740 879 779 sinu
909 740 1060 779 ferebas

217 819 285 856 per
314 805 495 845 convivia
523 813 676 853 cuncta,
705 819 775 856 per
804 807 964 853 theatra,

217 872 315 910 haec
346 879 436 910 sunt
465 879 533 909 aut
563 871 725 910 meliora
755 870 786 909 si
816 884 895 921 qua
924 870 1065 910 nescis.

218 936 327 985 Quid
357 937 518 987 prodest
548 936 644 974 mihi
675 944 755 974 tam
786 950 917 974 macer
946 936 1114 982 libellus,
1408 951 1447 972 10

217 1003 327 1040 nullo
357 1001 522 1040 crassior
551 1009 593 1040 ut
622 1001 671 1039 sit
700 1001 903 1049 umbilico,

217 1066 249 1105 si
278 1075 384 1106 totus
413 1066 483 1106 tibi
513 1066 644 1105 triduo
672 1068 853 1117 legatur?

218 1146 436 1183 numquam
467 1131 633 1171 deliciae
662 1132 894 1182 supiniores.

218 1199 342 1236 lassus
371 1205 451 1236 tam
481 1199 561 1236 cito
590 1197 728 1236 deficis
757 1197 891 1245 viator,

218 1270 257 1301 et
287 1276 378 1301 cum
409 1276 561 1301 currere
591 1263 739 1302 debeas
770 1262 952 1309 Bovillas,
1410 1279 1446 1309 15

218 1327 481 1377 interiungere
511 1327 665 1378 quaeris
694 1329 746 1366 ad
777 1329 1004 1367 Camenas?

221 1395 239 1431 Ι
270 1406 388 1441 nunc,
419 1394 536 1433 edere
566 1407 630 1432 me
659 1393 752 1432 iube
781 1393 947 1432 libellos.

624 1527 708 1564 VII

115 1609 324 1647 Declamas
355 1609 468 1656 belle,
500 1622 638 1647 causas
667 1608 758 1659 agis,
792 1608 935 1656 Attice,
968 1609 1080 1655 belle,

166 1673 347 1713 historias
377 1675 512 1721 bellas,
543 1673 719 1713 carmina
747 1675 851 1713 bella
880 1674 989 1722 facis,

112 1739 321 1790 componis
350 1740 453 1778 belle
483 1739 636 1787 mimos,
669 1739 953 1790 epigrammata
982 1740 1095 1786 belle,

167 1806 294 1844 bellus
323 1804 614 1856 grammaticus,
645 1806 773 1844 bellus
803 1819 844 1844 es
873 1806 1104 1855 astrologus,

114 1878 151 1909 et
183 1871 284 1909 belle
313 1878 448 1909 cantas
478 1878 517 1909 et
546 1872 675 1918 saltas,
707 1870 849 1918 Attice,
883 1871 999 1919 belle,
1434 1887 1450 1917 5

169 1937 295 1975 bellus
325 1950 365 1975 es
395 1943 477 1975 arte
506 1938 621 1986 lyrae,
654 1936 780 1975 bellus
810 1950 851 1975 es
881 1944 963 1975 arte
992 1935 1107 1986 pilae.

116 2002 183 2041 Nil
213 2003 315 2041 bene
344 2016 436 2041 cum
465 2001 596 2050 facias,
628 2002 748 2040 facias
778 2010 911 2041 tamen
941 2001 1077 2040 omnia
1105 2002 1219 2048 belle,

169 2068 225 2106 vis
256 2068 386 2107 dicam
417 2068 514 2118 quid
543 2067 624 2106 sis?
654 2081 820 2118 magnus
850 2081 891 2106 es
920 2067 1084 2106 ardalio.

160 2171 207 2203 VI
232 2175 343 2223 2post‘
352 2183 379 2202 v.
400 2181 420 2211 3
436 2171 510 2219 BA,
587 2172 608 2201 6
631 2171 781 2203 scribere
801 2171 851 2202 CA
868 2173 947 2212 (pro
964 2171 1142 2211 escribere,
1163 2172 1181 2202 i.
1196 2181 1219 2201 e.
1241 2171 1451 2209 exscribere)

118 2215 393 2298 14Vsslfiglx¹nifffi
413 2260 434 2289 8
457 2258 531 2291 hab.
551 2259 585 2289 R
719 2269 733 2289 1
759 2258 860 2289 attice
877 2258 960 2290 ΑΑι
983 2258 1085 2289 attale
1101 2258 1210 2289 BACA
1228 2257 1271 2299 (et
1285 2257 1319 2287 in
1341 2258 1451 2288 lemm.

68 2308 74 2314 '
117 2313 164 2333 AD
187 2313 347 2334 ATrALVM
371 2302 497 2342 BACA)
646 2313 665 2342 5
688 2303 790 2333 attice
807 2302 945 2333 AABA:
972 2302 1075 2332 attale
1102 2301 1151 2332 CA
1301 2303 1322 2331 6
1347 2301 1456 2331 bellus

119 2347 232 2387 <-u's?)
258 2359 286 2378 a.
313 2347 333 2378 l.
364 2357 445 2385 tom.
471 2346 523 2386 es)
551 2346 601 2377 CA
625 2351 663 2377 ut
685 2346 751 2378 vid.
840 2346 870 2377 b.
895 2350 928 2376 et
953 2357 982 2377 a.
1010 2356 1043 2385 p.
1067 2344 1140 2377 BA:
1168 2345 1199 2376 b.
1229 2355 1266 2376 es
1289 2356 1318 2375 a.
1345 2355 1377 2384 p.
1407 2344 1456 2375 CA

121 2401 136 2429 7
161 2390 265 2421 facias
284 2396 305 2422 t.
327 2391 403 2421 Fris
429 2402 437 2422 ε
460 2391 542 2421 facis
560 2395 580 2421 t.
597 2391 654 2420 ΒΑ
671 2390 768 2430 (sacis
785 2394 935 2420 attamen
953 2390 997 2430 Q)
1017 2389 1068 2420 CA
1257 2390 1278 2420 8
1301 2389 1357 2428 qui
1374 2390 1456 2420 AA:

117 2435 198 2473 quid
215 2434 324 2465 ΒΑΕΑ
411 2434 565 2465 hardalio
579 2433 635 2464 ΒΑ
653 2435 706 2476 (ex
721 2435 792 2466 ard.
811 2434 856 2474 L)
