1648 2729
408 526 652 574 INDEX
728 527 1338 578 EPIGRAMMATON

376 626 560 666 (Versuum
578 627 677 658 initia
695 628 973 668 orthographiam
991 629 1149 660 usitatam
1168 629 1360 672 exhibent.)

264 750 295 780 A
312 760 411 780 servo
427 750 494 781 scis
512 754 546 780 te
563 750 713 789 genitum
730 749 923 789 blandeque
937 750 1054 781 fateris
1101 750 1126 789 1,
1144 751 1198 782 81.

264 794 295 824 A
313 794 531 825 Sinuessanis
548 794 690 824 conviva
709 793 934 825 Philostratus
951 794 1051 825 undis
1097 794 1159 833 XI,
1180 796 1233 826 82.

265 838 406 868 Abscisa
423 848 558 868 servom
577 838 657 876 quid
675 838 761 877 figis,
781 838 933 876 Pontice,
951 838 1086 876 lingua?
1136 838 1181 877 II,
1199 840 1252 871 82.

263 882 460 912 Abstulerat
476 887 582 912 totam
598 882 799 912 temerarius
814 882 950 912 institor
966 883 1084 913 urbem
1128 882 1208 921 VII,
1225 885 1278 914 61.

264 925 393 965 Accipe
409 925 594 965 belligerae
610 926 749 956 crudum
767 926 908 956 thoraca
925 926 1101 957 Mirfervae
1147 926 1224 966 VII,
1246 936 1272 958 1.

264 969 391 1000 Accola
407 969 473 1000 iam
492 974 632 1000 nostrae
651 970 768 1009 Degis,
786 970 1000 1009 Germanice,
1019 970 1114 1010 ripae
1160 970 1201 1011 V,
1221 980 1252 1010 3.

263 1013 318 1044 Ad
336 1024 454 1044 cenam
471 1014 498 1044 si
517 1024 572 1044 me
587 1014 723 1044 diversa
738 1018 877 1044 vocaret
894 1014 927 1044 in
944 1018 1035 1045 astra
1081 1013 1141 1051 IX,
1160 1025 1212 1054 91.

264 1057 318 1088 Ad
336 1058 483 1097 lapidem
501 1057 694 1096 Torquatus
711 1057 813 1088 habet
828 1058 999 1097 praetoria
1015 1063 1172 1097 quartum
1220 1057 1263 1098 X,
1285 1068 1335 1097 79.

265 1101 318 1132 Ad
337 1101 511 1131 natalicias
527 1102 633 1140 dapes
649 1102 794 1132 vocabar
838 1101 912 1138 VII,
932 1102 984 1132 86.

265 1145 318 1175 Ad
336 1145 483 1185 populos
501 1146 587 1175 mitti
604 1145 660 1184 qui
679 1155 787 1184 nuper
802 1145 844 1176 ab
861 1145 943 1176 urbe
960 1145 1095 1176 solebas
1141 1145 1222 1185 XII,
1239 1155 1269 1177 2.

265 1189 319 1219 Ad
336 1189 482 1228 primurn
501 1189 641 1220 decuma
658 1189 805 1229 lapidem
822 1190 912 1228 quod
930 1190 1086 1220 venimus
1102 1190 1185 1220 hora
1230 1189 1292 1230 XI,
1313 1199 1363 1228 79.

266 1233 405 1263 Addere
422 1233 501 1272 quid
520 1243 641 1264 cessas.
663 1243 758 1272 puer,
780 1232 958 1263 inmortale
977 1233 1180 1265 Falernum?
1227 1233 1290 1275 IX,
1309 1243 1363 1273 93.

265 1277 408 1307 Addixti
425 1287 561 1308 servum
578 1277 724 1308 nummis
740 1278 823 1307 here
840 1277 929 1307 mille
948 1277 1103 1309 ducentis
1150 1278 1192 1318 X,
1211 1288 1265 1317 31.

264 1320 426 1351 Adlatres
443 1322 522 1351 licet
542 1332 649 1360 usque
667 1331 731 1352 nos
748 1326 782 1352 et
801 1331 907 1360 usque
952 1320 993 1360 V,
1010 1322 1063 1352 60.

266 1365 383 1395 Aedes
400 1365 482 1395 emit
498 1364 595 1404 Aper
611 1366 671 1395 sed
688 1375 772 1404 quas
788 1375 852 1395 nec
870 1370 993 1396 noctua
1009 1365 1114 1396 vellet
1159 1364 1222 1401 XI,
1238 1375 1290 1405 34.

265 1409 437 1448 Aegrotas
455 1419 523 1438 uno
541 1408 654 1439 decies
671 1414 727 1439 aut
744 1409 882 1448 saepius
898 1419 989 1440 anno
1036 1408 1115 1448 XII,
1136 1410 1190 1448 56.

264 1452 431 1483 Aemiliae
447 1458 569 1492 gentes
586 1457 618 1482 et
635 1452 835 1492 Apollineas
851 1452 1026 1483 Vercellas
1070 1452 1116 1492 X,
1136 1462 1186 1484 12.

265 1497 409 1527 Aemula
428 1497 566 1527 Baianis
584 1496 694 1527 Altini
711 1497 811 1527 litora
827 1497 916 1528 villis
962 1496 1019 1537 IV,
1039 1506 1093 1536 25.

265 1540 430 1571 Aeolidos
447 1541 582 1571 Canace
599 1541 687 1571 iacet
704 1541 767 1571 hoc
785 1541 948 1571 tumulata
964 1541 1148 1580 sepulchro
1193 1539 1255 1578 XI,
1274 1550 1329 1578 91.

265 1584 358 1615 Aera
374 1584 465 1614 domi
484 1594 550 1614 non
568 1589 659 1624 sunt,
677 1589 834 1624 superest
850 1585 924 1625 hoc,
946 1585 1088 1625 Regule,
1107 1584 1215 1615 solum
1261 1583 1336 1624 VII,
1360 1584 1409 1614 16.

266 1628 358 1658 Aera
376 1638 437 1667 per
452 1629 589 1658 tacitum
607 1629 746 1667 delapsa
761 1629 917 1659 sedentis
932 1628 966 1658 in
984 1628 1077 1667 ipsos
1121 1628 1216 1668 VIII,
1236 1637 1288 1667 32.

265 1672 408 1702 Aestivo
426 1682 543 1702 serves
560 1673 615 1703 ubi
634 1672 760 1712 piscem
778 1677 944 1712 tempore,
964 1673 1124 1711 quaeris?
1172 1671 1216 1709 ΙΙ,
1235 1673 1285 1710 78.

266 1715 450 1746 Aetherias
467 1716 578 1755 aquila
595 1726 737 1756 puerum
756 1720 916 1756 portante
933 1726 995 1755 per
1010 1726 1109 1747 auras
1157 1715 1183 1754 I,
1200 1717 1232 1747 6.

266 1759 398 1799 Alcide,
421 1760 516 1790 Latio
534 1770 624 1790 nunc
639 1760 859 1799 agnoscende
875 1760 1024 1790 Tonanti
1070 1759 1132 1801 IX,
1150 1762 1203 1799 65.

266 1802 412 1834 Alciden
430 1804 530 1834 modo
548 1804 702 1834 Vindicis
719 1804 879 1842 rogabam
928 1803 988 1836 IX,
1006 1814 1057 1843 44.

265 1846 406 1886 Alcime,
427 1857 525 1886 quem
544 1852 677 1886 raptum
695 1847 834 1877 domino
852 1848 1083 1877 crescentibus
1099 1847 1198 1878 annis
1245 1845 1270 1886 Ι,
1289 1846 1343 1877 88.

266 1890 390 1921 Amisit
406 1896 504 1930 pater
520 1891 655 1921 unicum
673 1891 820 1922 Salanus
865 1891 922 1930 VI,
941 1893 996 1921 62.

267 1933 437 1965 Amissum
456 1945 523 1965 non
541 1935 598 1966 flet
616 1945 689 1965 cum
709 1935 781 1965 sola
797 1939 849 1965 est
866 1935 976 1965 Gellia
992 1941 1122 1975 patrem
1170 1934 1197 1973 I,
1214 1943 1267 1973 33.

266 1978 578 2018 Amphitheatrales
596 1979 686 2009 inter
703 1979 829 2010 nutrita
846 1979 1028 2017 magistros
1073 1978 1136 2016 XI,
1154 1979 1208 2018 69.

267 2021 446 2062 Amphora
462 2023 601 2062 vigesis,
618 2023 752 2053 modius
769 2023 868 2053 datur
883 2033 963 2053 aere
981 2027 1146 2062 quaterno
1193 2021 1273 2060 XII,
1294 2021 1345 2060 76.

267 2065 445 2097 Annorum
463 2067 629 2105 nitidique
646 2072 738 2097 sator
754 2066 980 2106 pulcherrime
998 2067 1113 2096 mundi
1161 2066 1204 2102 X,
1222 2066 1274 2096 28.

267 2109 409 2149 Antiqui
429 2120 489 2140 rex
507 2120 629 2149 magne
647 2111 716 2149 poli
734 2109 916 2149 mundique
933 2110 1056 2150 prioris
1100 2109 1182 2149 XII,
1197 2111 1252 2141 62.

268 2153 396 2184 Antoni
416 2153 540 2184 Phario
558 2154 640 2184 nihil
658 2154 832 2185 obiecture
851 2154 997 2184 Pothino
1042 2154 1083 2193 V,
1097 2155 1151 2193 69.

267 2197 419 2227 Anxuris
436 2198 596 2237 aequorei
616 2198 777 2237 placidos,
799 2198 974 2236 Frontine,
988 2207 1143 2228 recessus
1188 2196 1232 2236 X,
1252 2197 1305 2236 58.

267 2240 500 2280 Apollinarem
518 2241 661 2272 conveni
679 2252 801 2281 meum,
820 2251 944 2272 scazon
990 2240 1066 2280 VII,
1085 2242 1139 2272 26.

268 2284 392 2324 Appia,
413 2295 512 2324 quam
530 2285 633 2315 simili
649 2285 865 2315 venerandus
883 2286 916 2315 in
935 2285 1084 2315 Hercule
1102 2285 1231 2315 Caesar
1277 2283 1337 2323 IX,
1361 2293 1431 2314 101.

268 2327 477 2367 Archetypis
493 2329 596 2359 vetuli
613 2329 696 2358 nihil
714 2334 765 2359 est
781 2329 932 2360 odiosius
950 2329 1048 2359 Aucti
1093 2328 1187 2367 VIII,
1206 2329 1236 2359 6.

268 2371 502 2411 Archetypum
522 2373 622 2412 Myos
637 2378 815 2411 argentum
833 2377 867 2403 te
885 2373 969 2403 dicis
986 2373 1112 2403 habere
1157 2371 1254 2410 VIII,
1270 2381 1322 2410 34.

268 2415 394 2446 Arctoa
412 2417 453 2446 de
469 2421 573 2455 gente
591 2426 720 2446 comam
739 2417 810 2455 tibi,
829 2416 962 2455 Lesbia,
979 2416 1053 2446 misi
1099 2415 1138 2454 V,
1158 2416 1211 2446 68.

268 2458 382 2489 Ardea
398 2460 544 2490 solstitio
563 2460 796 2500 Castranaque
814 2470 893 2491 rura
909 2465 1069 2500 petantur
1114 2458 1171 2498 IV,
1191 2460 1245 2490 60.

1620 2579 1644 2729 &ensa-22-
1636 2557 1644 2563 ,
1626 2496 1640 2512 a«
