1648 2729
197 160 252 197 M.
285 160 406 197 VAL.
440 159 754 197 MARTIALIS

195 280 233 311 et
263 272 474 311 Veientani
503 272 651 311 bibitur
679 273 765 310 faex
794 285 923 310 crassa
952 271 1102 318 rubeni,

249 351 335 376 asse
364 337 467 376 cicer
495 336 674 387 tepidum
704 344 860 375 constat
888 344 926 375 et
954 349 1041 375 asse
1070 338 1218 374 Venus.
1489 350 1529 373 ιο

198 404 245 441 In
275 402 346 449 ius,
379 416 403 441 o
433 403 550 440 fallax
578 410 697 452 atque
727 400 924 448 infitiator,
957 414 1120 440 eamus:

250 476 317 506 aut
345 467 431 506 vive
460 475 527 506 aut
557 467 700 514 decies,
733 468 931 514 Scaevola,
960 467 1086 506 redde
1116 465 1210 504 deis.

709 550 806 589 CIV

305 614 417 653 Picto
447 615 556 665 quod
586 614 675 664 iuga
704 614 872 653 delicata
900 615 1004 652 collo

305 681 448 729 pardus
478 679 643 718 sustinet
672 679 942 730 inprobaeque
970 678 1086 729 tigres

304 744 510 795 indulgent
538 744 767 795 patientiam
797 745 961 794 flagello,

306 811 489 848 mordent
517 823 635 848 aurea
663 811 773 859 quod
802 811 936 859 lupata
964 808 1079 854 cervi,

305 877 414 925 quod
443 875 560 913 frenis
591 874 730 924 Libyci
758 876 971 914 domantur
999 873 1077 912 ursi
1512 888 1529 920 5

306 947 354 987 et,
386 948 578 990 quantum
610 941 792 990 Calydon
821 939 955 978 tulisse
984 940 1115 984 fertur,

306 1014 415 1055 paret
443 1005 648 1056 purpureis
677 1019 771 1056 aper
800 1004 988 1055 capistris,

307 1078 439 1120 turpes
468 1072 607 1109 esseda
636 1071 745 1120 quod
774 1071 934 1109 trahunt
962 1069 1134 1108 visontes

307 1142 345 1173 et
374 1136 513 1173 molles
543 1137 636 1174 dare
664 1135 769 1174 iussa
798 1136 907 1185 quod
936 1136 1099 1173 choreas

307 1199 417 1250 nigro
446 1201 563 1238 belua
591 1213 672 1238 non
702 1208 818 1250 negat
846 1200 1057 1250 magistro:
1494 1212 1533 1235 10

307 1265 394 1314 quis
424 1267 648 1315 spectacula
677 1279 758 1304 non
788 1272 900 1315 putet
928 1266 1127 1303 deorum?

309 1332 423 1368 Haec
453 1329 588 1368 transit
617 1339 760 1377 tamen,
793 1338 835 1369 ut
865 1329 1028 1377 minora,
1060 1328 1237 1379 quisquis

307 1403 471 1433 venatus
500 1395 669 1434 humiles
698 1395 806 1433 videt
835 1397 1007 1443 leonum,

308 1473 408 1510 quos
437 1462 551 1499 velox
579 1462 758 1510 leporum
789 1460 906 1499 timor
934 1459 1078 1510 fatigat.

308 1524 523 1572 dimittunt,
555 1533 747 1575 repetunt,
780 1532 994 1575 amantque
1024 1531 1172 1575 eaptoS‚
1495 1539 1531 1572 ¹5

309 1598 347 1628 et
376 1590 549 1629 securior
578 1598 636 1629 est
666 1591 705 1629 in
736 1605 802 1629 ore
831 1592 989 1641 praeda,

308 1656 416 1694 laxos
445 1655 509 1694 cui
538 1657 631 1694 dare
660 1656 894 1707 perviosque
921 1655 1041 1696 rictus

307 1722 481 1770 gaudent
510 1729 548 1759 et
577 1721 738 1760 timidos
767 1730 900 1761 tenere
930 1722 1080 1767 dentes,

310 1787 469 1824 mollem
498 1787 674 1836 frangere
703 1788 799 1825 dum
829 1788 952 1837 pudet
981 1786 1168 1836 rapinam,

309 1850 436 1888 stratis
466 1864 557 1889 cum
587 1852 710 1890 modo
739 1852 917 1890 venerint
946 1850 1133 1890 iuvencis.
1491 1864 1532 1887 20

311 1916 426 1953 Haec
456 1916 665 1954 clementia
694 1930 774 1954 non
804 1924 962 1967 paratur
989 1924 1082 1963 arte,

309 1981 379 2018 sed
410 1988 553 2018 norunt
583 1985 647 2019 cu'i‘
675 1981 844 2019 serviant
873 1983 1018 2020 leones.

725 2064 799 2102 CV

205 2127 251 2164 In
282 2125 556 2172 Nomentanis,
591 2126 720 2174 Ovidi,
752 2128 861 2177 quod
891 2127 1062 2165 nascitur
1089 2125 1201 2176 agris,

255 2190 409 2241 accepit
437 2190 620 2241 quotiens
650 2200 828 2241 tempora
857 2194 984 2242 longa,
1017 2205 1168 2230 merum

247 2295 330 2326 CIII
358 2306 397 2325 10
421 2295 504 2325 citer
521 2294 569 2325 CA
662 2304 672 2324 1
685 2304 696 2324 t
724 2295 757 2325 in
776 2296 826 2326 ius
844 2306 863 2326 0
881 2295 953 2328 Ital.
970 2308 977 2327 :
1002 2296 1101 2327 illuso
1120 2295 1200 2336 (pro
1216 2294 1289 2334 inl.)
1306 2294 1383 2324 BA:
1407 2294 1534 2325 iniusto

207 2339 255 2370 CA
507 2337 584 2369 CIV
607 2347 626 2376 5
652 2338 750 2369 freno
768 2339 844 2369 BA:
870 2339 976 2370 frenis
995 2339 1045 2371 CA
1202 2349 1241 2369 10
1265 2348 1333 2369 non
1350 2337 1427 2369 BA:
1450 2337 1534 2368 nihil

220 2383 238 2414 γ’.
251 2393 275 2413 e.
298 2382 362 2422 nil)
383 2382 431 2412 CA
540 2392 574 2412 11
601 2381 656 2420 qui
679 2382 727 2411 CA
745 2386 782 2412 ut
798 2382 860 2413 vid.
990 2393 1034 2414 20
1057 2382 1192 2413 uenerit
1208 2381 1286 2413 BA:
1309 2381 1468 2412 uenerint
1486 2381 1536 2412 CA

214 2419 217 2421 ‚
248 2426 307 2457 CV
334 2435 346 2455 1
374 2425 465 2465 agris
479 2425 556 2456 BA:
579 2425 670 2455 aruis
689 2425 738 2456 CA
