1648 2729
175 141 230 178 M.
262 140 386 178 VAL.
418 140 733 179 MARTIALIS

281 266 400 303 quarn
430 261 592 291 ventum
623 252 792 303 Spanius
823 267 1066 304 manumque
1096 252 1252 292 Priscus
1473 272 1514 294 ιο

281 332 401 369 quarn
431 326 578 357 cretata
607 318 719 357 timet
749 319 914 357 Fabulla
943 319 1139 368 nimbum,

281 392 479 423 cerussata
506 384 619 423 timet
646 385 803 423 Sabella
831 386 970 423 solem.

281 451 410 488 voltus
439 449 561 488 indue
590 458 632 488 tu
662 449 786 500 magis
815 463 984 498 severos,

281 527 401 564 quam
431 515 604 553 coniunx
634 515 778 553 Priami
807 529 1009 566 nurusque
1038 515 1172 555 maior.

282 579 425 618 mimos
454 579 608 618 ridiculi
638 580 881 619 Philistionis
1475 597 1512 628 ¹5

281 653 320 683 et
349 645 530 684 convivia
558 645 750 696 nequiora
777 646 856 685 vita

282 718 320 749 et
350 710 546 761 quidquid
575 711 708 761 lepida
735 711 975 762 procacitate

281 777 384 814 laxat
412 776 622 827 perspicuo
651 777 795 815 labella
823 776 914 815 risu.

282 850 320 881 te
350 851 523 881 maestae
552 844 667 882 decet
696 843 878 882 adsidere
908 843 1023 881 matri

282 907 510 958 Ingentique
538 908 665 946 virum
694 908 854 958 piumve
883 910 1052 956 fratrem,
1472 927 1512 948 20

282 981 321 1012 et
349 981 503 1011 tantum
533 973 687 1024 tragicis
714 987 853 1013 vacare
883 974 1025 1012 Musis.

281 1046 321 1076 at
350 1046 392 1077 tu
422 1039 613 1077 iudicium
644 1047 779 1079 secuta
808 1047 986 1078 nostrum

283 1105 403 1154 plora,
435 1104 466 1142 si
496 1104 610 1155 sapis,
642 1118 667 1143 o
696 1106 836 1155 puella,
869 1106 989 1156 plora.

661 1228 806 1265 XLIII

177 1310 295 1348 Κοινὰ
324 1309 447 1358 φίλων
476 1310 574 1347 haec
603 1316 709 1357 sunt,
738 1310 837 1347 haec
866 1316 958 1347 sunt
987 1316 1063 1356 tua,
1097 1308 1291 1358 Candide,
1324 1309 1438 1357 κοινά,

229 1388 331 1424 quae
361 1383 401 1412 tu
433 1374 679 1425 magnilocus
708 1382 827 1413 nocte
857 1374 1002 1424 dieque
1032 1387 1172 1413 sonas:

175 1449 212 1478 te
242 1440 564 1478 Lacedaemonio
593 1441 695 1478 velat
724 1447 816 1490 toga
844 1441 924 1478 lota
953 1441 1123 1479 Galaeso

228 1506 289 1543 vel
319 1519 438 1555 quam
469 1504 642 1554 seposito
672 1505 722 1543 de
751 1518 866 1555 grege
896 1507 1038 1543 Parma
1067 1506 1200 1543 dedit:

175 1579 213 1608 at
244 1584 317 1617 rne,
351 1584 452 1620 quae
482 1584 596 1620 passa
625 1578 683 1608 est
712 1570 830 1608 furias
860 1578 898 1609 et
928 1583 1076 1608 cornua
1105 1569 1216 1617 tauri,
1493 1589 1510 1619 5

230 1635 399 1674 noluerit
429 1635 508 1674 dici
537 1649 656 1685 quarn
688 1635 767 1685 pila
795 1635 922 1685 prima
951 1648 1074 1673 suam.

177 1701 281 1739 misit
311 1703 538 1750 Agenoreas
569 1700 713 1740 Cadmi
743 1700 813 1739 tibi
844 1708 944 1739 terra
973 1702 1172 1739 lacernas:

231 1780 312 1805 non
341 1767 490 1804 vendes
519 1765 692 1804 nummis
722 1765 885 1804 coccina
914 1773 1047 1804 nostra
1076 1765 1210 1804 tribus.

176 1841 216 1869 tu
248 1831 420 1881 Libycos
450 1831 562 1869 Indis
591 1831 799 1881 suspendis
829 1831 1015 1869 dentibus
1045 1830 1177 1870 orbis:

230 1896 388 1935 fulcitur
417 1905 517 1935 testa
544 1896 675 1946 fagina
704 1910 842 1935 mensa
871 1896 978 1934 mihi.
1473 1912 1512 1935 10

176 1961 367 2000 inmodici
397 1962 468 2000 tibi
498 1963 598 2000 flava
627 1970 763 2012 tegunt
793 1963 1054 2012 chrysendeta
1082 1961 1217 2000 mulli:

231 2029 419 2066 concolor
447 2027 487 2065 in
518 2036 661 2075 nostra,
693 2041 902 2075 carnmare,
934 2028 1046 2066 lance
1075 2027 1203 2066 rubes.

222 2150 299 2181 XLI
329 2160 369 2180 10
393 2151 513 2189 panius
537 2149 566 2179 T
605 2161 685 2189 —que
704 2150 838 2181 AACA:
865 2161 919 2180 -ue
937 2150 992 2180 ΒΑ
1060 2159 1098 2188 13
1115 2159 1237 2180 saeuos
1256 2149 1286 2179 T
1349 2158 1386 2187 14
1406 2136 1512 2188 prami

179 2198 214 2224 ut
226 2194 289 2225 vid.
313 2194 361 2225 CA
372 2194 493 2233 gprami
506 2192 550 2231 X,
567 2194 664 2232 primi
678 2194 790 2232 ΕΑΒ)
907 2195 946 2223 18
969 2193 1080 2232 puella
1095 2193 1144 2224 CA
1253 2203 1296 2223 20
1318 2191 1362 2224 lu.
1377 2193 1513 2231 gentiue

177 2238 237 2267 ΑΑ
254 2249 260 2268 ;
284 2238 479 2277 lugentique
496 2237 603 2268 BACA
680 2238 816 2277 piumue
832 2238 893 2268 ΑΛ
910 2249 917 2268 ;
940 2237 1100 2277 piumque
1115 2236 1224 2267 BACA
1364 2246 1406 2267 22
1429 2241 1511 2277 aptu

180 2282 229 2312 CA
243 2284 317 2322 (pro
334 2286 417 2318 attu,
434 2281 453 2311 ι’.
470 2292 494 2312 e.
515 2286 549 2311 at
566 2283 616 2320 tu)

222 2325 338 2355 XLIII
360 2336 373 2355 1
393 2325 476 2355 haec
487 2330 565 2355 sunt
577 2325 727 2364 (ecsnnt)
740 2324 839 2354 semel
849 2324 898 2355 CA
939 2324 1083 2355 candida
1095 2323 1150 2354 BA
1239 2333 1300 2353 1—2
1317 2324 1395 2362 fort.
1412 2323 1513 2354 Κοινὰ

177 2368 298 2406 φίλωνῑ
325 2369 408 2399 haec
427 2393 434 2400 .
454 2393 460 2399 .
479 2393 486 2399 .
502 2371 625 2400 sonas?
651 2369 878 2408 interrogative
975 2379 994 2407 4
1015 2373 1106 2398 terra
1122 2366 1214 2398 dedit
1233 2367 1282 2398 CA
1294 2367 1347 2407 (cf.
1367 2367 1510 2407 xlvi6?)

179 2423 198 2452 5
222 2412 310 2444 furia
327 2414 387 2443 sed
406 2412 487 2453 (set)
509 2411 558 2442 CA
692 2422 731 2442 ιο
754 2416 847 2442 texta
866 2410 916 2442 CA
