<?xml version="1.0" encoding="UTF-8"?>
<!DOCTYPE html PUBLIC "-//W3C//DTD XHTML 1.0 Transitional//EN"
    "http://www.w3.org/TR/xhtml1/DTD/xhtml1-transitional.dtd">
<html xmlns="http://www.w3.org/1999/xhtml" xml:lang="en" lang="en">
 <head>
  <title>
</title>
<meta http-equiv="Content-Type" content="text/html;charset=utf-8" />
  <meta name='ocr-system' content='tesseract 3.04.00' />
  <meta name='ocr-capabilities' content='ocr_page ocr_carea ocr_par ocr_line ocrx_word'/>
</head>
<body>
  <div class='ocr_page' id='page_1' title='image "./epigrammatasele00martuoft_0032.png"; bbox 0 0 1648 2729; ppageno 0'>
   <div class='ocr_carea' id='block_1_1' title="bbox 213 153 771 193">
    <p class='ocr_par' dir='ltr' id='par_1_1' title="bbox 213 153 771 193">
     <span class='ocr_line' id='line_1_1' title="bbox 213 153 771 193; baseline 0.002 -2"><span class='ocrx_word' id='word_1_1' title='bbox 213 154 269 191; x_wconf 87' lang='lat' dir='ltr'>M.</span> <span class='ocrx_word' id='word_1_2' title='bbox 301 154 424 192; x_wconf 85' lang='lat' dir='ltr'><strong>VAL.</strong></span> <span class='ocrx_word' id='word_1_3' title='bbox 456 153 771 193; x_wconf 90' lang='lat' dir='ltr'><strong>MARTIALIS</strong></span> 
     </span>
    </p>
   </div>
   <div class='ocr_carea' id='block_1_2' title="bbox 211 264 1541 641">
    <p class='ocr_par' dir='ltr' id='par_1_2' title="bbox 212 264 1301 382">
     <span class='ocr_line' id='line_1_2' title="bbox 212 264 1301 316; baseline 0.003 -13"><span class='ocrx_word' id='word_1_4' title='bbox 212 265 241 302; x_wconf 79' lang='lat' dir='ltr'>si</span> <span class='ocrx_word' id='word_1_5' title='bbox 272 264 359 315; x_wconf 82' lang='lat' dir='ltr'>quis</span> <span class='ocrx_word' id='word_1_6' title='bbox 390 264 607 315; x_wconf 81' lang='lat' dir='ltr'>Cecropiae</span> <span class='ocrx_word' id='word_1_7' title='bbox 636 265 819 304; x_wconf 89' lang='lat' dir='ltr'>madidus</span> <span class='ocrx_word' id='word_1_8' title='bbox 850 266 1066 316; x_wconf 85' lang='lat' dir='ltr'>Latiaeque</span> <span class='ocrx_word' id='word_1_9' title='bbox 1096 266 1301 306; x_wconf 86' lang='lat' dir='ltr'>Minervae</span> 
     </span>
     <span class='ocr_line' id='line_1_3' title="bbox 263 330 1045 382; baseline 0.003 -14"><span class='ocrx_word' id='word_1_10' title='bbox 263 330 412 368; x_wconf 89' lang='lat' dir='ltr'>artibus</span> <span class='ocrx_word' id='word_1_11' title='bbox 441 338 479 369; x_wconf 90' lang='lat' dir='ltr'>et</span> <span class='ocrx_word' id='word_1_12' title='bbox 507 344 598 369; x_wconf 88' lang='lat' dir='ltr'>vera</span> <span class='ocrx_word' id='word_1_13' title='bbox 626 331 875 382; x_wconf 82' lang='lat' dir='ltr'>simplicitate</span> <span class='ocrx_word' id='word_1_14' title='bbox 903 332 1045 379; x_wconf 88' lang='lat' dir='ltr'>bonus,</span> 
     </span>
    </p>

    <p class='ocr_par' dir='ltr' id='par_1_3' title="bbox 211 395 1541 511">
     <span class='ocr_line' id='line_1_4' title="bbox 211 395 1541 445; baseline 0.002 -12"><span class='ocrx_word' id='word_1_15' title='bbox 211 395 241 433; x_wconf 90' lang='lat' dir='ltr'>si</span> <span class='ocrx_word' id='word_1_16' title='bbox 272 395 359 445; x_wconf 89' lang='lat' dir='ltr'>quis</span> <span class='ocrx_word' id='word_1_17' title='bbox 389 395 460 434; x_wconf 86' lang='lat' dir='ltr'>erit</span> <span class='ocrx_word' id='word_1_18' title='bbox 488 395 583 434; x_wconf 89' lang='lat' dir='ltr'>recti</span> <span class='ocrx_word' id='word_1_19' title='bbox 612 404 758 444; x_wconf 86' lang='lat' dir='ltr'>custos,</span> <span class='ocrx_word' id='word_1_20' title='bbox 788 397 947 437; x_wconf 89' lang='lat' dir='ltr'>mirator</span> <span class='ocrx_word' id='word_1_21' title='bbox 975 397 1132 436; x_wconf 87' lang='lat' dir='ltr'>honesti</span> <span class='ocrx_word' id='word_1_22' title='bbox 1523 412 1541 444; x_wconf 88' lang='lat'>5</span> 
     </span>
     <span class='ocr_line' id='line_1_5' title="bbox 265 454 1392 511; baseline 0.004 -13"><span class='ocrx_word' id='word_1_23' title='bbox 265 468 303 498; x_wconf 88' lang='lat' dir='ltr'>et</span> <span class='ocrx_word' id='word_1_24' title='bbox 333 459 429 498; x_wconf 87' lang='lat' dir='ltr'>nihil</span> <span class='ocrx_word' id='word_1_25' title='bbox 458 474 602 499; x_wconf 88' lang='lat' dir='ltr'>arcano</span> <span class='ocrx_word' id='word_1_26' title='bbox 632 461 699 511; x_wconf 85' lang='lat' dir='ltr'>qui</span> <span class='ocrx_word' id='word_1_27' title='bbox 728 470 837 511; x_wconf 86' lang='lat' dir='ltr'>roget</span> <span class='ocrx_word' id='word_1_28' title='bbox 866 476 932 501; x_wconf 91' lang='lat' dir='ltr'>ore</span> <span class='ocrx_word' id='word_1_29' title='bbox 961 463 1070 509; x_wconf 81' lang='lat' dir='ltr'>deOS,</span> <span class='ocrx_word' id='word_1_30' title='bbox 1389 454 1392 456; x_wconf 15' lang='lat' dir='ltr'>v</span> 
     </span>
    </p>

    <p class='ocr_par' dir='ltr' id='par_1_4' title="bbox 211 525 1242 641">
     <span class='ocr_line' id='line_1_6' title="bbox 211 525 1242 576; baseline 0.003 -13"><span class='ocrx_word' id='word_1_31' title='bbox 211 526 241 563; x_wconf 84' lang='lat' dir='ltr'>si</span> <span class='ocrx_word' id='word_1_32' title='bbox 271 525 359 575; x_wconf 86' lang='lat' dir='ltr'>quis</span> <span class='ocrx_word' id='word_1_33' title='bbox 389 525 460 564; x_wconf 88' lang='lat' dir='ltr'>erit</span> <span class='ocrx_word' id='word_1_34' title='bbox 490 539 656 576; x_wconf 87' lang='lat' dir='ltr'>magnae</span> <span class='ocrx_word' id='word_1_35' title='bbox 685 526 874 565; x_wconf 88' lang='lat' dir='ltr'>subnixus</span> <span class='ocrx_word' id='word_1_36' title='bbox 904 528 1046 566; x_wconf 84' lang='lat' dir='ltr'>robore</span> <span class='ocrx_word' id='word_1_37' title='bbox 1076 527 1242 566; x_wconf 85' lang='lat' dir='ltr'>mentis:</span> 
     </span>
     <span class='ocr_line' id='line_1_7' title="bbox 265 590 1096 641; baseline 0.002 -12"><span class='ocrx_word' id='word_1_38' title='bbox 265 590 486 641; x_wconf 82' lang='lat' dir='ltr'>dispeream</span> <span class='ocrx_word' id='word_1_39' title='bbox 517 591 549 629; x_wconf 91' lang='lat' dir='ltr'>si</span> <span class='ocrx_word' id='word_1_40' title='bbox 578 605 658 630; x_wconf 91' lang='lat' dir='ltr'>non</span> <span class='ocrx_word' id='word_1_41' title='bbox 689 591 753 630; x_wconf 89' lang='lat' dir='ltr'>hic</span> <span class='ocrx_word' id='word_1_42' title='bbox 784 592 985 631; x_wconf 75' lang='lat' dir='ltr'>Decianus</span> <span class='ocrx_word' id='word_1_43' title='bbox 1015 593 1096 631; x_wconf 88' lang='lat' dir='ltr'>erit.</span> 
     </span>
    </p>
   </div>
   <div class='ocr_carea' id='block_1_3' title="bbox 730 680 806 717">
    <p class='ocr_par' dir='ltr' id='par_1_5' title="bbox 730 680 806 717">
     <span class='ocr_line' id='line_1_8' title="bbox 730 680 806 717; baseline 0 0"><span class='ocrx_word' id='word_1_44' title='bbox 730 680 806 717; x_wconf 95' lang='lat' dir='ltr'>XL</span> 
     </span>
    </p>
   </div>
   <div class='ocr_carea' id='block_1_4' title="bbox 213 747 1204 862">
    <p class='ocr_par' dir='ltr' id='par_1_6' title="bbox 213 747 1204 862">
     <span class='ocr_line' id='line_1_9' title="bbox 213 747 1204 799; baseline 0.003 -14"><span class='ocrx_word' id='word_1_45' title='bbox 213 748 291 796; x_wconf 82' lang='lat' dir='ltr'>Qui</span> <span class='ocrx_word' id='word_1_46' title='bbox 322 747 434 786; x_wconf 89' lang='lat' dir='ltr'>ducis</span> <span class='ocrx_word' id='word_1_47' title='bbox 463 749 593 786; x_wconf 88' lang='lat' dir='ltr'>vultus</span> <span class='ocrx_word' id='word_1_48' title='bbox 623 756 661 787; x_wconf 88' lang='lat' dir='ltr'>et</span> <span class='ocrx_word' id='word_1_49' title='bbox 690 762 772 787; x_wconf 91' lang='lat' dir='ltr'>non</span> <span class='ocrx_word' id='word_1_50' title='bbox 801 749 895 799; x_wconf 83' lang='lat' dir='ltr'>legis</span> <span class='ocrx_word' id='word_1_51' title='bbox 925 749 998 788; x_wconf 86' lang='lat' dir='ltr'>ista</span> <span class='ocrx_word' id='word_1_52' title='bbox 1027 749 1204 796; x_wconf 82' lang='lat' dir='ltr'>libenter,</span> 
     </span>
     <span class='ocr_line' id='line_1_10' title="bbox 266 812 1091 862; baseline 0.002 -11"><span class='ocrx_word' id='word_1_53' title='bbox 266 813 450 852; x_wconf 89' lang='lat' dir='ltr'>omnibus</span> <span class='ocrx_word' id='word_1_54' title='bbox 479 812 668 861; x_wconf 86' lang='lat' dir='ltr'>invideas,</span> <span class='ocrx_word' id='word_1_55' title='bbox 700 814 832 862; x_wconf 84' lang='lat' dir='ltr'>livide,</span> <span class='ocrx_word' id='word_1_56' title='bbox 861 828 980 853; x_wconf 90' lang='lat' dir='ltr'>nemo</span> <span class='ocrx_word' id='word_1_57' title='bbox 1010 815 1091 853; x_wconf 90' lang='lat' dir='ltr'>tibi.</span> 
     </span>
    </p>
   </div>
   <div class='ocr_carea' id='block_1_5' title="bbox 722 909 817 946">
    <p class='ocr_par' dir='ltr' id='par_1_7' title="bbox 722 909 817 946">
     <span class='ocr_line' id='line_1_11' title="bbox 722 909 817 946; baseline 0.011 -1"><span class='ocrx_word' id='word_1_58' title='bbox 722 909 817 946; x_wconf 95' lang='lat' dir='ltr'>XLI</span> 
     </span>
    </p>
   </div>
   <div class='ocr_carea' id='block_1_6' title="bbox 317 976 1544 1997">
    <p class='ocr_par' dir='ltr' id='par_1_8' title="bbox 318 976 992 1025">
     <span class='ocr_line' id='line_1_12' title="bbox 318 976 992 1025; baseline 0.004 -11"><span class='ocrx_word' id='word_1_59' title='bbox 318 977 503 1016; x_wconf 86' lang='lat' dir='ltr'>Vrbanus</span> <span class='ocrx_word' id='word_1_60' title='bbox 533 976 615 1025; x_wconf 88' lang='lat' dir='ltr'>tibi,</span> <span class='ocrx_word' id='word_1_61' title='bbox 649 977 808 1025; x_wconf 83' lang='lat' dir='ltr'>Caecili,</span> <span class='ocrx_word' id='word_1_62' title='bbox 839 977 992 1017; x_wconf 70' lang='lat' dir='ltr'>videris</span> 
     </span>
    </p>

    <p class='ocr_par' dir='ltr' id='par_1_9' title="bbox 318 1042 1258 1094">
     <span class='ocr_line' id='line_1_13' title="bbox 318 1042 1258 1094; baseline 0.002 -14"><span class='ocrx_word' id='word_1_63' title='bbox 318 1055 400 1080; x_wconf 91' lang='lat' dir='ltr'>non</span> <span class='ocrx_word' id='word_1_64' title='bbox 430 1056 483 1090; x_wconf 89' lang='lat' dir='ltr'>es,</span> <span class='ocrx_word' id='word_1_65' title='bbox 515 1044 631 1081; x_wconf 90' lang='lat' dir='ltr'>crede</span> <span class='ocrx_word' id='word_1_66' title='bbox 661 1042 768 1082; x_wconf 85' lang='lat' dir='ltr'>mihi.</span> <span class='ocrx_word' id='word_1_67' title='bbox 829 1043 938 1093; x_wconf 84' lang='lat' dir='ltr'>Quid</span> <span class='ocrx_word' id='word_1_68' title='bbox 967 1045 1091 1094; x_wconf 87' lang='lat' dir='ltr'>ergo?</span> <span class='ocrx_word' id='word_1_69' title='bbox 1129 1057 1258 1090; x_wconf 89' lang='lat' dir='ltr'>verna,</span> 
     </span>
    </p>

    <p class='ocr_par' dir='ltr' id='par_1_10' title="bbox 319 1107 1124 1157">
     <span class='ocr_line' id='line_1_14' title="bbox 319 1107 1124 1157; baseline 0.002 -12"><span class='ocrx_word' id='word_1_70' title='bbox 319 1107 396 1145; x_wconf 91' lang='lat' dir='ltr'>hoc</span> <span class='ocrx_word' id='word_1_71' title='bbox 425 1108 535 1157; x_wconf 87' lang='lat' dir='ltr'>quod</span> <span class='ocrx_word' id='word_1_72' title='bbox 563 1107 862 1147; x_wconf 89' lang='lat' dir='ltr'>transtiberinus</span> <span class='ocrx_word' id='word_1_73' title='bbox 891 1109 1124 1156; x_wconf 88' lang='lat' dir='ltr'>ambulator,</span> 
     </span>
    </p>

    <p class='ocr_par' dir='ltr' id='par_1_11' title="bbox 319 1171 1020 1223">
     <span class='ocr_line' id='line_1_15' title="bbox 319 1171 1020 1223; baseline 0.004 -14"><span class='ocrx_word' id='word_1_74' title='bbox 319 1171 387 1222; x_wconf 85' lang='lat' dir='ltr'>qui</span> <span class='ocrx_word' id='word_1_75' title='bbox 416 1172 603 1222; x_wconf 87' lang='lat' dir='ltr'>pallentia</span> <span class='ocrx_word' id='word_1_76' title='bbox 631 1174 860 1223; x_wconf 89' lang='lat' dir='ltr'>sulphurata</span> <span class='ocrx_word' id='word_1_77' title='bbox 889 1173 1020 1212; x_wconf 89' lang='lat' dir='ltr'>fractis</span> 
     </span>
    </p>

    <p class='ocr_par' dir='ltr' id='par_1_12' title="bbox 318 1237 1541 1352">
     <span class='ocr_line' id='line_1_16' title="bbox 318 1237 1541 1288; baseline 0.004 -14"><span class='ocrx_word' id='word_1_78' title='bbox 318 1244 514 1287; x_wconf 88' lang='lat' dir='ltr'>permutat</span> <span class='ocrx_word' id='word_1_79' title='bbox 541 1237 682 1284; x_wconf 80' lang='lat' dir='ltr'>vitreis,</span> <span class='ocrx_word' id='word_1_80' title='bbox 715 1239 824 1287; x_wconf 85' lang='lat' dir='ltr'>quod</span> <span class='ocrx_word' id='word_1_81' title='bbox 854 1238 1004 1277; x_wconf 84' lang='lat' dir='ltr'>otiosae</span> <span class='ocrx_word' id='word_1_82' title='bbox 1523 1255 1541 1288; x_wconf 88' lang='lat'>5</span> 
     </span>
     <span class='ocr_line' id='line_1_17' title="bbox 318 1301 1127 1352; baseline 0.004 -13"><span class='ocrx_word' id='word_1_83' title='bbox 318 1301 453 1340; x_wconf 79' lang='lat' dir='ltr'>vendit</span> <span class='ocrx_word' id='word_1_84' title='bbox 482 1301 549 1352; x_wconf 86' lang='lat' dir='ltr'>qui</span> <span class='ocrx_word' id='word_1_85' title='bbox 578 1302 784 1341; x_wconf 87' lang='lat' dir='ltr'>madidum</span> <span class='ocrx_word' id='word_1_86' title='bbox 814 1302 917 1341; x_wconf 83' lang='lat' dir='ltr'>cicer</span> <span class='ocrx_word' id='word_1_87' title='bbox 945 1317 1127 1350; x_wconf 88' lang='lat' dir='ltr'>coronae,</span> 
     </span>
    </p>

    <p class='ocr_par' dir='ltr' id='par_1_13' title="bbox 317 1367 1144 1419">
     <span class='ocr_line' id='line_1_18' title="bbox 317 1367 1144 1419; baseline 0.001 -14"><span class='ocrx_word' id='word_1_88' title='bbox 317 1368 427 1417; x_wconf 88' lang='lat' dir='ltr'>quod</span> <span class='ocrx_word' id='word_1_89' title='bbox 456 1374 588 1405; x_wconf 89' lang='lat' dir='ltr'>custos</span> <span class='ocrx_word' id='word_1_90' title='bbox 618 1367 885 1418; x_wconf 88' lang='lat' dir='ltr'>dominusque</span> <span class='ocrx_word' id='word_1_91' title='bbox 913 1367 1144 1419; x_wconf 84' lang='lat' dir='ltr'>viperarum,</span> 
     </span>
    </p>

    <p class='ocr_par' dir='ltr' id='par_1_14' title="bbox 318 1429 957 1479">
     <span class='ocr_line' id='line_1_19' title="bbox 318 1429 957 1479; baseline 0.005 -13"><span class='ocrx_word' id='word_1_92' title='bbox 318 1430 427 1479; x_wconf 87' lang='lat' dir='ltr'>quod</span> <span class='ocrx_word' id='word_1_93' title='bbox 455 1429 550 1467; x_wconf 84' lang='lat' dir='ltr'>viles</span> <span class='ocrx_word' id='word_1_94' title='bbox 578 1429 689 1479; x_wconf 84' lang='lat' dir='ltr'>pueri</span> <span class='ocrx_word' id='word_1_95' title='bbox 718 1430 957 1478; x_wconf 88' lang='lat' dir='ltr'>salariorum,</span> 
     </span>
    </p>

    <p class='ocr_par' dir='ltr' id='par_1_15' title="bbox 317 1495 1110 1545">
     <span class='ocr_line' id='line_1_20' title="bbox 317 1495 1110 1545; baseline 0.004 -14"><span class='ocrx_word' id='word_1_96' title='bbox 317 1495 427 1544; x_wconf 85' lang='lat' dir='ltr'>quod</span> <span class='ocrx_word' id='word_1_97' title='bbox 455 1495 648 1533; x_wconf 87' lang='lat' dir='ltr'>fumantia</span> <span class='ocrx_word' id='word_1_98' title='bbox 677 1495 744 1545; x_wconf 89' lang='lat' dir='ltr'>qui</span> <span class='ocrx_word' id='word_1_99' title='bbox 773 1497 943 1534; x_wconf 88' lang='lat' dir='ltr'>tomacla</span> <span class='ocrx_word' id='word_1_100' title='bbox 971 1509 1110 1535; x_wconf 90' lang='lat' dir='ltr'>raucus</span> 
     </span>
    </p>

    <p class='ocr_par' dir='ltr' id='par_1_16' title="bbox 317 1558 1544 1676">
     <span class='ocr_line' id='line_1_21' title="bbox 318 1558 1544 1612; baseline 0.003 -16"><span class='ocrx_word' id='word_1_101' title='bbox 318 1558 541 1598; x_wconf 85' lang='lat' dir='ltr'>circumfert</span> <span class='ocrx_word' id='word_1_102' title='bbox 568 1560 712 1610; x_wconf 84' lang='lat' dir='ltr'>tepidis</span> <span class='ocrx_word' id='word_1_103' title='bbox 741 1574 861 1599; x_wconf 91' lang='lat' dir='ltr'>cocus</span> <span class='ocrx_word' id='word_1_104' title='bbox 891 1561 1059 1612; x_wconf 87' lang='lat' dir='ltr'>popinis,</span> <span class='ocrx_word' id='word_1_105' title='bbox 1505 1577 1544 1600; x_wconf 75' lang='grc' dir='ltr'>ιο</span> 
     </span>
     <span class='ocr_line' id='line_1_22' title="bbox 317 1624 1086 1676; baseline 0.004 -15"><span class='ocrx_word' id='word_1_106' title='bbox 317 1625 426 1672; x_wconf 87' lang='lat' dir='ltr'>quod</span> <span class='ocrx_word' id='word_1_107' title='bbox 456 1637 537 1662; x_wconf 86' lang='lat' dir='ltr'>non</span> <span class='ocrx_word' id='word_1_108' title='bbox 567 1624 740 1674; x_wconf 89' lang='lat' dir='ltr'>optimus</span> <span class='ocrx_word' id='word_1_109' title='bbox 769 1625 928 1664; x_wconf 91' lang='lat' dir='ltr'>urbicus</span> <span class='ocrx_word' id='word_1_110' title='bbox 958 1634 1086 1676; x_wconf 87' lang='lat' dir='ltr'>poeta,</span> 
     </span>
    </p>

    <p class='ocr_par' dir='ltr' id='par_1_17' title="bbox 318 1689 1160 1741">
     <span class='ocr_line' id='line_1_23' title="bbox 318 1689 1160 1741; baseline 0.004 -15"><span class='ocrx_word' id='word_1_111' title='bbox 318 1689 428 1737; x_wconf 84' lang='lat' dir='ltr'>quod</span> <span class='ocrx_word' id='word_1_112' title='bbox 456 1690 506 1727; x_wconf 93' lang='lat' dir='ltr'>de</span> <span class='ocrx_word' id='word_1_113' title='bbox 537 1689 717 1728; x_wconf 81' lang='lat' dir='ltr'>Gadibus</span> <span class='ocrx_word' id='word_1_114' title='bbox 747 1690 937 1740; x_wconf 87' lang='lat' dir='ltr'>inprobus</span> <span class='ocrx_word' id='word_1_115' title='bbox 967 1691 1160 1741; x_wconf 87' lang='lat' dir='ltr'>magister.</span> 
     </span>
    </p>

    <p class='ocr_par' dir='ltr' id='par_1_18' title="bbox 319 1754 992 1804">
     <span class='ocr_line' id='line_1_24' title="bbox 319 1754 992 1804; baseline 0.007 -14"><span class='ocrx_word' id='word_1_116' title='bbox 319 1754 452 1802; x_wconf 82' lang='lat' dir='ltr'>Quare</span> <span class='ocrx_word' id='word_1_117' title='bbox 481 1754 617 1792; x_wconf 84' lang='lat' dir='ltr'>desine</span> <span class='ocrx_word' id='word_1_118' title='bbox 646 1754 724 1793; x_wconf 89' lang='lat' dir='ltr'>iam</span> <span class='ocrx_word' id='word_1_119' title='bbox 754 1755 825 1794; x_wconf 89' lang='lat' dir='ltr'>tibi</span> <span class='ocrx_word' id='word_1_120' title='bbox 854 1755 992 1804; x_wconf 88' lang='lat' dir='ltr'>videri,</span> 
     </span>
    </p>

    <p class='ocr_par' dir='ltr' id='par_1_19' title="bbox 318 1818 1543 1936">
     <span class='ocr_line' id='line_1_25' title="bbox 318 1818 1543 1870; baseline 0.003 -15"><span class='ocrx_word' id='word_1_121' title='bbox 318 1819 427 1867; x_wconf 84' lang='lat' dir='ltr'>quod</span> <span class='ocrx_word' id='word_1_122' title='bbox 457 1818 529 1856; x_wconf 88' lang='lat' dir='ltr'>soli</span> <span class='ocrx_word' id='word_1_123' title='bbox 558 1819 640 1866; x_wconf 89' lang='lat' dir='ltr'>tibi,</span> <span class='ocrx_word' id='word_1_124' title='bbox 673 1820 834 1867; x_wconf 86' lang='lat' dir='ltr'>Caecili,</span> <span class='ocrx_word' id='word_1_125' title='bbox 864 1820 1018 1868; x_wconf 86' lang='lat' dir='ltr'>videris,</span> <span class='ocrx_word' id='word_1_126' title='bbox 1505 1838 1543 1870; x_wconf 87' lang='lat'>¹5</span> 
     </span>
     <span class='ocr_line' id='line_1_26' title="bbox 318 1882 1106 1936; baseline 0.005 -16"><span class='ocrx_word' id='word_1_127' title='bbox 318 1882 386 1932; x_wconf 88' lang='lat' dir='ltr'>qui</span> <span class='ocrx_word' id='word_1_128' title='bbox 416 1883 598 1921; x_wconf 88' lang='lat' dir='ltr'>Gabbam</span> <span class='ocrx_word' id='word_1_129' title='bbox 628 1884 774 1923; x_wconf 86' lang='lat' dir='ltr'>salibus</span> <span class='ocrx_word' id='word_1_130' title='bbox 804 1885 880 1924; x_wconf 88' lang='lat' dir='ltr'>tuis</span> <span class='ocrx_word' id='word_1_131' title='bbox 910 1893 948 1924; x_wconf 87' lang='lat' dir='ltr'>et</span> <span class='ocrx_word' id='word_1_132' title='bbox 976 1886 1106 1936; x_wconf 90' lang='lat' dir='ltr'>ipsum</span> 
     </span>
    </p>

    <p class='ocr_par' dir='ltr' id='par_1_20' title="bbox 318 1948 1095 1997">
     <span class='ocr_line' id='line_1_27' title="bbox 318 1948 1095 1997; baseline 0.006 -13"><span class='ocrx_word' id='word_1_133' title='bbox 318 1960 453 1997; x_wconf 87' lang='lat' dir='ltr'>posses</span> <span class='ocrx_word' id='word_1_134' title='bbox 481 1948 638 1987; x_wconf 91' lang='lat' dir='ltr'>vincere</span> <span class='ocrx_word' id='word_1_135' title='bbox 666 1949 842 1988; x_wconf 86' lang='lat' dir='ltr'>Tettium</span> <span class='ocrx_word' id='word_1_136' title='bbox 875 1951 1095 1990; x_wconf 88' lang='lat' dir='ltr'>Caballum.</span> 
     </span>
    </p>
   </div>
   <div class='ocr_carea' id='block_1_7' title="bbox 317 2012 1544 2191">
    <p class='ocr_par' dir='ltr' id='par_1_21' title="bbox 317 2012 1544 2191">
     <span class='ocr_line' id='line_1_28' title="bbox 318 2012 1290 2063; baseline 0.005 -14"><span class='ocrx_word' id='word_1_137' title='bbox 318 2026 400 2050; x_wconf 89' lang='lat' dir='ltr'>non</span> <span class='ocrx_word' id='word_1_138' title='bbox 429 2012 666 2063; x_wconf 85' lang='lat' dir='ltr'>cuicumque</span> <span class='ocrx_word' id='word_1_139' title='bbox 696 2016 832 2053; x_wconf 89' lang='lat' dir='ltr'>datum</span> <span class='ocrx_word' id='word_1_140' title='bbox 863 2023 921 2054; x_wconf 89' lang='lat' dir='ltr'>est</span> <span class='ocrx_word' id='word_1_141' title='bbox 951 2016 1096 2054; x_wconf 90' lang='lat' dir='ltr'>habere</span> <span class='ocrx_word' id='word_1_142' title='bbox 1125 2028 1290 2059; x_wconf 85' lang='lat' dir='ltr'>nasum:</span> 
     </span>
     <span class='ocr_line' id='line_1_29' title="bbox 317 2076 964 2129; baseline 0.008 -15"><span class='ocrx_word' id='word_1_143' title='bbox 317 2076 418 2115; x_wconf 91' lang='lat' dir='ltr'>ludit</span> <span class='ocrx_word' id='word_1_144' title='bbox 447 2077 514 2127; x_wconf 85' lang='lat' dir='ltr'>qui</span> <span class='ocrx_word' id='word_1_145' title='bbox 544 2078 686 2117; x_wconf 84' lang='lat' dir='ltr'>stolida</span> <span class='ocrx_word' id='word_1_146' title='bbox 715 2080 964 2129; x_wconf 86' lang='lat' dir='ltr'>procacitate,</span> 
     </span>
     <span class='ocr_line' id='line_1_30' title="bbox 318 2143 1544 2191; baseline 0.004 -12"><span class='ocrx_word' id='word_1_147' title='bbox 318 2154 399 2180; x_wconf 93' lang='lat' dir='ltr'>non</span> <span class='ocrx_word' id='word_1_148' title='bbox 429 2149 487 2180; x_wconf 89' lang='lat' dir='ltr'>est</span> <span class='ocrx_word' id='word_1_149' title='bbox 515 2143 669 2181; x_wconf 88' lang='lat' dir='ltr'>Tettius</span> <span class='ocrx_word' id='word_1_150' title='bbox 699 2143 773 2191; x_wconf 90' lang='lat' dir='ltr'>ille,</span> <span class='ocrx_word' id='word_1_151' title='bbox 805 2146 874 2182; x_wconf 90' lang='lat' dir='ltr'>sed</span> <span class='ocrx_word' id='word_1_152' title='bbox 905 2145 1090 2184; x_wconf 85' lang='lat' dir='ltr'>caballus.</span> <span class='ocrx_word' id='word_1_153' title='bbox 1501 2162 1544 2184; x_wconf 82' lang='lat'>20</span> 
     </span>
    </p>
   </div>
   <div class='ocr_carea' id='block_1_8' title="bbox 300 2245 1383 2285">
    <p class='ocr_par' dir='ltr' id='par_1_22' title="bbox 300 2245 1383 2285">
     <span class='ocr_line' id='line_1_31' title="bbox 300 2245 1383 2285; baseline 0.003 -8"><span class='ocrx_word' id='word_1_154' title='bbox 300 2245 454 2277; x_wconf 84' lang='lat' dir='ltr'>XXXIX</span> <span class='ocrx_word' id='word_1_155' title='bbox 480 2255 500 2284; x_wconf 84' lang='lat'><strong>3</strong></span> <span class='ocrx_word' id='word_1_156' title='bbox 524 2245 653 2277; x_wconf 88' lang='lat' dir='ltr'>madius</span> <span class='ocrx_word' id='word_1_157' title='bbox 670 2245 718 2277; x_wconf 74' lang='lat' dir='ltr'>CA</span> <span class='ocrx_word' id='word_1_158' title='bbox 805 2256 824 2285; x_wconf 89' lang='lat'><strong>5</strong></span> <span class='ocrx_word' id='word_1_159' title='bbox 850 2248 989 2278; x_wconf 86' lang='lat' dir='ltr'>mirator</span> <span class='ocrx_word' id='word_1_160' title='bbox 1000 2248 1140 2280; x_wconf 73' lang='lat' dir='ltr'>AABA:</span> <span class='ocrx_word' id='word_1_161' title='bbox 1173 2248 1322 2279; x_wconf 84' lang='lat' dir='ltr'>imitator</span> <span class='ocrx_word' id='word_1_162' title='bbox 1333 2249 1383 2280; x_wconf 66' lang='lat' dir='ltr'>CA</span> 
     </span>
    </p>
   </div>
   <div class='ocr_carea' id='block_1_9' title="bbox 211 2288 1541 2414">
    <p class='ocr_par' dir='ltr' id='par_1_23' title="bbox 211 2288 1541 2414">
     <span class='ocr_line' id='line_1_32' title="bbox 257 2288 950 2331; baseline 0.004 -13"><span class='ocrx_word' id='word_1_163' title='bbox 257 2288 318 2318; x_wconf 91' lang='lat' dir='ltr'>XL</span> <span class='ocrx_word' id='word_1_164' title='bbox 343 2289 415 2319; x_wconf 81' lang='lat' dir='ltr'>hab.</span> <span class='ocrx_word' id='word_1_165' title='bbox 436 2289 469 2319; x_wconf 89' lang='lat' dir='ltr'><em>R</em></span> <span class='ocrx_word' id='word_1_166' title='bbox 604 2300 617 2319; x_wconf 92' lang='lat'>1</span> <span class='ocrx_word' id='word_1_167' title='bbox 645 2290 723 2329; x_wconf 89' lang='lat' dir='ltr'>quid</span> <span class='ocrx_word' id='word_1_168' title='bbox 740 2289 774 2319; x_wconf 85' lang='lat' dir='ltr'><em>R</em></span> <span class='ocrx_word' id='word_1_169' title='bbox 795 2291 862 2326; x_wconf 34' lang='lat' dir='ltr'>,vix</span> <span class='ocrx_word' id='word_1_170' title='bbox 877 2291 950 2331; x_wconf 76' lang='grc' dir='ltr'>ΛΑ)</span> 
     </span>
     <span class='ocr_line' id='line_1_33' title="bbox 254 2332 1539 2377; baseline 0.004 -15"><span class='ocrx_word' id='word_1_171' title='bbox 254 2332 333 2362; x_wconf 83' lang='lat' dir='ltr'>XLI</span> <span class='ocrx_word' id='word_1_172' title='bbox 359 2343 378 2362; x_wconf 88' lang='lat'><strong>2</strong></span> <span class='ocrx_word' id='word_1_173' title='bbox 403 2342 508 2363; x_wconf 84' lang='lat' dir='ltr'>uerna</span> <span class='ocrx_word' id='word_1_174' title='bbox 525 2343 562 2364; x_wconf 87' lang='lat' dir='ltr'>es</span> <span class='ocrx_word' id='word_1_175' title='bbox 577 2333 654 2363; x_wconf 75' lang='lat' dir='ltr'>BA:</span> <span class='ocrx_word' id='word_1_176' title='bbox 679 2343 786 2363; x_wconf 85' lang='lat' dir='ltr'>uerna</span> <span class='ocrx_word' id='word_1_177' title='bbox 805 2333 853 2363; x_wconf 77' lang='lat' dir='ltr'>CA</span> <span class='ocrx_word' id='word_1_178' title='bbox 965 2345 1051 2372; x_wconf 85' lang='lat'><strong>4-20</strong></span> <span class='ocrx_word' id='word_1_179' title='bbox 1078 2336 1167 2377; x_wconf 83' lang='lat' dir='ltr'>(cum</span> <span class='ocrx_word' id='word_1_180' title='bbox 1185 2335 1455 2376; x_wconf 86' lang='lat' dir='ltr'>XLII-XLVII)</span> <span class='ocrx_word' id='word_1_181' title='bbox 1472 2346 1539 2367; x_wconf 84' lang='lat' dir='ltr'>om.</span> 
     </span>
     <span class='ocr_line' id='line_1_34' title="bbox 211 2375 1541 2414; baseline 0.004 -9"><span class='ocrx_word' id='word_1_182' title='bbox 211 2375 273 2413; x_wconf 67' lang='lat' dir='ltr'>BA,</span> <span class='ocrx_word' id='word_1_183' title='bbox 284 2375 368 2414; x_wconf 82' lang='lat' dir='ltr'>solio</span> <span class='ocrx_word' id='word_1_184' title='bbox 385 2377 508 2406; x_wconf 79' lang='lat' dir='ltr'>amisso</span> <span class='ocrx_word' id='word_1_185' title='bbox 662 2378 683 2406; x_wconf 90' lang='lat'><strong>6</strong></span> <span class='ocrx_word' id='word_1_186' title='bbox 705 2376 847 2407; x_wconf 85' lang='lat' dir='ltr'>calidum</span> <span class='ocrx_word' id='word_1_187' title='bbox 866 2377 1025 2408; x_wconf 74' lang='lat' dir='ltr'>Heinsius</span> <span class='ocrx_word' id='word_1_188' title='bbox 1182 2389 1217 2409; x_wconf 90' lang='lat'>11</span> <span class='ocrx_word' id='word_1_189' title='bbox 1245 2379 1390 2410; x_wconf 87' lang='lat' dir='ltr'>Urbicus</span> <span class='ocrx_word' id='word_1_190' title='bbox 1405 2379 1541 2411; x_wconf 82' lang='lat' dir='ltr'>Scriver.</span> 
     </span>
    </p>
   </div>
   <div class='ocr_carea' id='block_1_10' title="bbox 215 2419 1319 2459">
    <p class='ocr_par' dir='ltr' id='par_1_24' title="bbox 215 2419 1319 2459">
     <span class='ocr_line' id='line_1_35' title="bbox 215 2419 1319 2459; baseline 0.005 -11"><span class='ocrx_word' id='word_1_191' title='bbox 215 2429 251 2448; x_wconf 88' lang='lat'>12</span> <span class='ocrx_word' id='word_1_192' title='bbox 276 2419 414 2450; x_wconf 70' lang='lat' dir='ltr'>cudibus</span> <span class='ocrx_word' id='word_1_193' title='bbox 430 2419 494 2453; x_wconf 87' lang='lat' dir='ltr'>cod.</span> <span class='ocrx_word' id='word_1_194' title='bbox 630 2429 668 2459; x_wconf 90' lang='lat'>17</span> <span class='ocrx_word' id='word_1_195' title='bbox 694 2420 803 2459; x_wconf 87' lang='lat' dir='ltr'>possis</span> <span class='ocrx_word' id='word_1_196' title='bbox 819 2419 954 2452; x_wconf 66' lang='lat' dir='ltr'>Scriver.</span> <span class='ocrx_word' id='word_1_197' title='bbox 1091 2424 1129 2453; x_wconf 90' lang='lat'>18</span> <span class='ocrx_word' id='word_1_198' title='bbox 1153 2432 1238 2453; x_wconf 88' lang='lat' dir='ltr'>nasu</span> <span class='ocrx_word' id='word_1_199' title='bbox 1253 2422 1319 2453; x_wconf 87' lang='lat' dir='ltr'>cod.</span> 
     </span>
    </p>
   </div>
  </div>
 </body>
</html>
