1648 2729
389 437 459 486 M.
509 430 670 486 VAL.
723 438 1141 488 MARTIALIS

458 566 1072 617 EPIGRAMMATON

630 698 804 735 LIBER
842 699 902 736 XI

757 803 775 840 I

202 882 297 931 Qvo
328 889 381 930 tu,
414 895 506 933 quo,
539 883 638 922 liber
667 884 804 932 otiose,
838 885 968 924 tendis

201 949 330 986 cultus
361 947 512 987 Sidone
541 962 623 987 non
652 950 885 989 cotidiana?

201 1013 399 1064 numquid
429 1015 686 1054 Parthenium
716 1016 879 1055 videre?
937 1018 1077 1057 Certe:

200 1080 321 1117 vadas
351 1087 390 1118 et
418 1081 556 1119 redeas
586 1080 839 1120 inevolutus:

200 1143 321 1182 libros
351 1158 434 1184 non
463 1145 556 1196 legit
585 1146 650 1185 ille
681 1148 752 1186 sed
781 1147 965 1196 libellos;
1419 1168 1436 1198 5

199 1222 275 1248 nec
305 1210 433 1249 Musis
462 1220 585 1259 vacat,
617 1220 685 1250 aut
715 1212 795 1251 suis
824 1222 990 1252 vacaret.

200 1275 358 1325 Ecquid
389 1284 426 1315 te
455 1277 548 1315 satis
577 1278 761 1316 aestimas
791 1279 964 1326 beatum,

198 1341 435 1392 contingunt
464 1342 536 1381 tibi
565 1343 598 1382 si
628 1357 768 1382 manus
800 1344 1002 1383 minores?

197 1406 316 1445 vicini
344 1416 435 1458 pete
464 1408 661 1459 porticum
693 1409 872 1459 Quirini:

196 1474 354 1512 turbam
383 1487 465 1513 non
495 1475 616 1514 habet
646 1475 875 1514 otiosiorem
1398 1495 1437 1516 10

198 1539 413 1590 Pompeius
442 1541 504 1580 vel
533 1541 728 1592 Agenoris
758 1543 900 1592 puella,

196 1606 258 1643 vel
286 1605 436 1656 primae
465 1606 653 1646 dominus
682 1607 777 1646 levis
807 1608 973 1647 carinae.

197 1678 290 1709 sunt
318 1671 398 1711 illic
427 1673 508 1711 duo
539 1680 666 1712 tresve
695 1673 764 1724 qui
793 1675 996 1712 revolvant

196 1744 418 1776 nostrarum
448 1737 573 1777 tineas
602 1738 851 1789 ineptiarum,

195 1803 267 1841 sed
295 1816 388 1841 cum
417 1803 580 1854 sponsio
609 1805 847 1855 fabulaeque
875 1806 1001 1844 lassae
1395 1821 1434 1854 15

195 1869 246 1906 de
276 1869 426 1919 Scorpo
456 1869 601 1908 fuerint
631 1877 670 1908 et
700 1870 884 1910 Incitato.

738 1970 781 2008 II

87 2048 216 2088 Triste
245 2050 499 2101 supercilium
529 2050 698 2102 durique
728 2064 863 2090 severa
892 2051 1057 2091 Catonis

140 2116 247 2153 frons
277 2122 316 2154 et
344 2115 506 2154 aratoris
537 2116 618 2155 filia
647 2117 819 2156 Fabricii

86 2187 125 2219 et
152 2180 354 2230 personati
381 2182 573 2236 fastustet
601 2184 736 2233 regula
765 2196 922 2221 morum

138 2245 336 2296 quidquid
365 2254 404 2285 et
432 2246 473 2285 in
502 2247 676 2286 tenebris
706 2261 789 2286 non
818 2261 966 2296 sumus,
999 2247 1052 2287 ite
1081 2249 1196 2287 foras.

127 2349 141 2380 1
168 2359 187 2380 2
211 2349 359 2381 sindone
372 2350 450 2381 BA:
474 2350 597 2382 sidone
616 2351 666 2383 CA
802 2364 823 2391 4
846 2352 1092 2383 ineuouolutus
1110 2351 1158 2382 CA
1275 2354 1296 2384 8
1319 2354 1429 2383 conti-

84 2399 193 2434 guunt
211 2393 262 2425 CA
350 2394 379 2425 si
403 2405 469 2427 om.
489 2395 540 2426 CA
671 2406 692 2435 9
716 2396 868 2427 uicinum
886 2395 941 2426 ΒΑ
956 2407 963 2427 :
981 2396 1083 2427 uicini
1103 2396 1152 2427 CA

129 2437 161 2468 ΙΙ
187 2447 207 2468 2
232 2437 385 2469 Fabricia
406 2437 560 2479 Wagner,
580 2438 701 2470 Gilbert
1170 2452 1174 2456 ·

127 2502 242 2524 MART..
254 2502 306 2524 ΕΡ.
326 2503 373 2524 sc,
393 2502 448 2525 En.
1297 2495 1338 2526 17
