1648 2729
665 127 1137 167 EPIGRAMMATON
1169 129 1272 166 LIB.
1306 131 1412 168 VIII

187 237 235 276 sit
265 251 376 277 moro
406 251 522 276 corna
551 238 694 288 nigrior
723 239 888 285 caduco,

186 303 321 341 vincas
351 302 515 342 mollitia
544 310 736 341 tremente
765 305 919 353 plumas

185 375 253 407 aut
282 382 450 406 massam
482 370 604 407 modo
633 368 744 406 laetis
772 368 929 418 alligati,

186 441 228 472 tu
258 433 384 481 nobis,
417 435 541 483 Clyte,
573 433 651 472 iam
680 447 800 472 senex
828 433 993 472 videris:

187 506 267 537 tam
297 501 442 538 multos
472 499 559 549 quis
589 499 695 539 enirn
725 499 845 538 fuisse
874 501 1008 538 credat

188 563 327 602 natalis
358 563 552 602 Priamive
582 564 840 603 Nestorisve?

187 628 245 668 Sit
273 630 435 668 tandem
465 631 594 679 pudor
622 637 660 668 et
690 631 833 668 modus
864 629 1019 680 rapinis.
1382 647 1418 678 15

188 695 297 744 quod
327 694 359 733 si
388 694 491 734 ludis
520 696 652 734 adhuc
682 697 884 745 semelque
914 696 1022 733 nasci

189 774 269 798 uno
300 760 377 798 iam
408 760 479 798 tibi
510 774 590 799 non
621 768 679 799 sat
709 769 766 800 est
797 761 836 798 in
865 774 983 807 anno,

189 833 325 863 natum
356 833 405 873 te,
438 827 562 876 Clyte,
594 840 668 866 nec
698 828 820 865 semel
850 826 1011 877 putabo.

589 916 702 952 LXV

84 984 165 1023 Hic
194 984 262 1023 ubi
294 986 491 1023 Fortunae
522 985 698 1024 Reducis
728 984 917 1035 fulgentia
947 986 1024 1023 late

136 1052 284 1100 templa
312 1050 450 1097 nitent,
482 1050 572 1089 felix
600 1064 690 1089 area
719 1064 844 1100 nuper
873 1058 978 1089 erat:

82 1115 146 1154 hic
175 1115 282 1154 stetit
310 1116 447 1154 Arctoi
476 1117 700 1155 formonsus
730 1118 890 1166 pulvere
919 1115 1012 1154 belli

138 1195 379 1232 purpureum
408 1182 580 1220 fundens
611 1182 757 1221 Caesar
785 1182 835 1219 ab
865 1195 932 1219 ore
962 1180 1074 1219 iubar
1089 1196 1099 1227 3

84 1245 148 1285 hic
178 1248 288 1285 lauru
318 1246 499 1285 redimita
529 1260 664 1285 comas
695 1255 733 1285 et
762 1246 934 1285 candida
968 1247 1076 1284 cultu
1407 1264 1424 1295 5

140 1313 271 1350 Roma
300 1311 482 1350 salutavit
510 1325 609 1350 voce
639 1326 840 1362 manuque
869 1313 1025 1350 ducem.

85 1378 234 1428 grande
264 1376 341 1415 loci
370 1376 554 1415 meritum
584 1384 777 1416 testantur
807 1384 845 1415 et
874 1378 994 1415 altera
1024 1378 1153 1415 dona:

141 1450 217 1481 stat
246 1455 355 1481 sacer
384 1450 423 1481 et
452 1442 613 1481 domitis
642 1442 826 1492 gentibus
855 1456 968 1480 arcus
999 1450 1114 1490 ovat3

86 1507 151 1546 hic
180 1506 327 1557 gemini
356 1520 491 1545 currus
521 1515 731 1546 numerant
761 1509 972 1558 elephanta
1001 1509 1260 1557 frequentem,

141 1572 283 1611 sufficit
311 1571 501 1610 inmensis
530 1586 670 1611 aureus
700 1573 783 1624 ipse
812 1572 922 1622 iugis.
1388 1589 1426 1610 10

89 1640 204 1677 Haec
234 1645 292 1676 est
322 1637 441 1688 digna
470 1638 558 1686 tuis,
591 1638 838 1686 Germanice,
870 1646 982 1689 porta
1012 1637 1220 1689 triumphis
1236 1653 1245 1686 3

142 1705 215 1743 hos
244 1703 373 1743 aditus
403 1704 541 1742 urbem
573 1704 713 1742 Martis
742 1704 889 1743 habere
918 1705 1043 1742 decet.

575 1794 710 1830 LXVI

195 1864 377 1913 Augusto
406 1862 471 1913 pia
499 1870 586 1901 tura
614 1862 874 1913 victimasque

197 1941 268 1978 pro
296 1936 426 1967 vestro
455 1930 547 1967 date
576 1928 683 1975 Silio,
715 1929 927 1968 Camenae.

198 1992 258 2032 bis
288 2007 405 2032 senos
434 1993 544 2032 iubet
574 2007 624 2032 en
654 1993 780 2032 redire
809 1994 946 2040 fasces,

136 2097 292 2161 LXIV?
316 2102 503 2129 trementes
518 2097 575 2127 BA
676 2109 697 2137 9
721 2097 858 2136 allegati
874 2096 952 2128 BA:
975 2097 1123 2137 aggelati
1141 2097 1300 2128 Heinsius
1390 2107 1429 2128 12

91 2141 276 2224 duIanSIlcg
299 2190 413 2216 arctor
429 2186 597 2216 sarmosus
615 2189 651 2216 ut
666 2185 729 2216 vid.
750 2184 806 2215 BA
827 2185 991 2225 (famosus
1011 2185 1054 2225 Q)
1204 2195 1224 2224 4
1249 2185 1332 2215 orbe
1348 2183 1405 2214 ΒΑ
1424 2196 1431 2214 :

94 2240 153 2260 ore
172 2228 222 2260 CA
310 2239 328 2268 5
354 2230 449 2260 lauro
464 2228 520 2259 BA
586 2230 674 2260 culto
693 2229 742 2260 CA
756 2229 866 2261 utvid.
959 2230 978 2258 6
1004 2229 1125 2259 ducum
1141 2227 1191 2259 CA
1280 2229 1300 2258 8
1324 2238 1431 2258 ouans

92 2272 150 2303 BA
167 2284 174 2304 :
198 2277 277 2303 ouat
296 2273 347 2304 CA
463 2284 484 2312 9
508 2273 708 2313 frequenter
722 2272 800 2303 BA:
822 2272 1025 2312 frequenter.
1039 2273 1138 2313 (EA)
1157 2283 1201 2303 cm
1219 2272 1431 2312 frequentem

97 2315 149 2348 CA
164 2317 271 2347 z'ncerl.
367 2326 405 2346 12
430 2317 555 2347 mardis
573 2316 622 2347 CA
639 2320 676 2347 ut
697 2317 760 2348 vid.
783 2316 855 2356 (sed
867 2316 983 2346 martis
999 2315 1051 2357 A)
1278 2315 1387 2346 LXVI
1416 2326 1429 2346 1

96 2359 296 2434 pieturag?
313 2363 349 2390 ut
371 2360 435 2392 vid.
456 2361 604 2401 (pietura
620 2360 744 2401 XCB2,
764 2360 896 2400 pictura
918 2359 1008 2400 E31,
1028 2360 1085 2400 pio
1105 2364 1178 2390 tura
1194 2359 1246 2401 A)
1338 2359 1433 2390 uicti-

96 2414 217 2444 maque
