1648 2729
759 106 1230 145 EPIGRAMMATON
1261 106 1365 144 LIB.
1397 106 1435 143 V

610 219 706 256 LVI

206 290 283 331 Cui
312 291 452 336 tradas,
484 291 607 340 Lupe,
640 289 763 328 filium
794 288 979 340 magistro

206 355 359 406 quaeris
390 354 579 394 sollicitus
609 354 677 394 diu
706 368 910 405 rogasque.

206 421 358 460 Omnes
386 419 744 471 grammaticosque
774 421 1029 469 rhetorasque

206 485 356 525 devites
387 498 558 524 moneo:
597 484 695 523 nihil
724 484 773 523 sit
801 484 856 522 illi

206 565 297 590 cum
327 550 435 589 libris
465 550 671 590 Ciceronis
700 558 767 588 aut
800 549 990 596 Maronis,
1421 564 1439 596 5

207 617 336 655 famae
364 615 557 654 Tutilium
588 629 683 654 suae
711 615 906 665 relinquat
921 629 931 663 ;

208 681 239 719 si
269 694 402 719 versus
432 680 535 728 facit,
567 680 730 719 abdices
759 673 931 730 poetam]

207 754 309 785 artes
340 746 491 785 discere
520 748 603 784 vult
631 745 900 796 pecuniosas?

208 813 269 850 fac
299 811 424 850 discat
453 811 705 850 citharoedus
735 819 802 849 aut
831 812 1037 849 choraules
1052 825 1062 857 3

208 877 240 915 si
270 877 356 916 duri
386 890 483 927 puer
512 876 645 926 ingeni
674 876 842 924 videtur,
1405 890 1444 912 10

210 955 446 992 praeconem
477 941 596 980 facias
626 943 687 980 vel
716 940 987 980 architectum.

603 1019 721 1056 LVII

102 1092 206 1130 Cum
236 1103 336 1128 voco
366 1097 404 1128 te
433 1089 654 1136 dominum,
686 1089 767 1128 noli
797 1088 879 1136 tibi,
912 1088 1053 1136 Cinna,
1085 1089 1262 1138 placere:

156 1169 274 1206 saepe
304 1154 423 1194 etiam
453 1168 609 1194 servum
639 1154 694 1193 sic
724 1156 894 1193 resaluto
924 1161 1047 1192 tuum.

590 1238 732 1275 LVIII

104 1311 201 1349 Cras
231 1316 269 1347 te
298 1308 504 1355 victurum,
538 1321 622 1346 cras
653 1307 762 1355 dicis,
796 1309 997 1354 Postume,
1029 1320 1193 1356 semper.

158 1373 222 1413 dic
253 1373 360 1420 mihi,
393 1387 476 1412 cras
506 1373 623 1420 istud,
657 1375 856 1419 Postume,
890 1373 1052 1422 quando
1082 1370 1219 1410 venit?

104 1453 225 1490 quam
254 1440 372 1489 longe
401 1452 485 1477 cras
514 1439 631 1486 istud,
664 1438 733 1477 ubi
763 1439 850 1477 est?
888 1445 955 1475 aut
984 1438 1092 1475 unde
1121 1437 1371 1487 petendum?

159 1504 356 1555 numquid
385 1505 493 1554 apud
524 1505 690 1542 Parthos
720 1502 1012 1552 Armeniosque
1042 1504 1165 1541 latet?

105 1570 182 1609 iam
213 1583 297 1608 cras
327 1569 433 1608 istud
462 1570 582 1608 habet
612 1568 757 1607 Priami
785 1570 847 1606 vel
878 1567 1057 1606 Nestoris
1086 1580 1224 1605 annos.
1429 1582 1446 1613 5

160 1649 244 1674 cras
274 1635 379 1673 istud
409 1634 558 1685 quanti,
590 1634 655 1673 dic
685 1633 792 1681 mihi,
824 1641 958 1684 posset
988 1632 1096 1672 emi?

107 1714 191 1739 cras
220 1700 355 1739 vives?
394 1699 514 1738 hodie
543 1699 622 1738 iam
651 1699 792 1745 vivere,
824 1701 1025 1746 Postume,
1056 1711 1186 1737 serum
1216 1704 1300 1736 est:

160 1766 225 1805 ille
255 1765 356 1815 sapit
386 1764 574 1815 quisquis,
608 1767 808 1812 Postume,
839 1763 933 1802 vixit
962 1763 1056 1802 heri.

621 1848 719 1885 LIX

110 1920 233 1969 Quod
262 1932 344 1957 non
372 1925 590 1969 argentum,
623 1919 733 1968 quod
762 1931 843 1957 non
873 1916 945 1955 tibi
974 1916 1165 1955 mittimus
1195 1929 1334 1954 aurum

163 1986 241 2023 hoc
270 1983 435 2023 facimus
465 1997 593 2031 causa,
627 1985 748 2023 Stella
776 1982 931 2030 diserte,
964 1989 1041 2020 tua.

110 2049 289 2100 quisquis
319 2062 462 2099 magna
491 2048 613 2097 dedit,
644 2048 768 2087 voluit
797 2047 872 2086 sibi
902 2060 1045 2097 magna
1072 2035 1218 2085 remitti
1232 2060 1243 2093 ,·

165 2115 351 2154 fictilibus
381 2114 525 2153 nostris
555 2121 789 2153 exoneratus
820 2113 904 2152 eris.

156 2219 232 2249 LVI
261 2229 275 2249 1
294 2219 408 2258 lupem
424 2218 480 2248 BA
506 2219 511 2225 '
623 2230 644 2258 4
668 2219 792 2249 diuites
807 2218 862 2248 ΒΑ
883 2217 974 2255 (cum
990 2216 1068 2254 EG)
1204 2217 1225 2245 6
1250 2215 1384 2246 utilium
1403 2214 1451 2246 CA

114 2263 282 2302 relinquat
294 2262 349 2293 BA
365 2273 373 2293 ε
396 2263 571 2301 relinquas
589 2262 638 2293 CA
830 2260 923 2292 LVII
948 2260 1022 2291 hab.
1049 2259 1108 2291 TR
1197 2270 1217 2289 2
1234 2259 1382 2289 resoluto
1392 2258 1451 2288 ΑΑ

115 2308 207 2347 (cum
227 2305 270 2346 L)
362 2311 456 2336 tuum
471 2317 511 2337 ex
527 2316 638 2336 meum
654 2304 711 2336 BA
844 2305 955 2335 LVIII
977 2315 991 2335 1
1010 2303 1061 2344 te]
1079 2304 1167 2333 bene
1183 2301 1219 2332 D
1307 2312 1327 2341 3
1348 2303 1450 2341 longe

115 2354 167 2380 est
182 2349 237 2378 BA
253 2361 260 2381 :
283 2350 384 2389 longe
402 2353 482 2388 (om.
502 2351 568 2389 est)
588 2350 636 2380 CA
653 2350 756 2389 :fort.
776 2349 911 2388 longest
1063 2349 1085 2378 6
1109 2351 1225 2386 posset
1240 2346 1318 2377 BA:
1342 2346 1451 2385 possit

117 2393 164 2423 CA
299 2404 316 2433 7
340 2393 449 2435 vives]
467 2393 557 2424 uiuis
572 2393 626 2424 BA
717 2394 850 2425 tardum
866 2392 920 2423 ΒΑ
936 2404 943 2424 :
965 2402 1079 2423 serum
1106 2390 1154 2422 CA
