<?xml version="1.0" encoding="UTF-8"?>
<!DOCTYPE html PUBLIC "-//W3C//DTD XHTML 1.0 Transitional//EN"
    "http://www.w3.org/TR/xhtml1/DTD/xhtml1-transitional.dtd">
<html xmlns="http://www.w3.org/1999/xhtml" xml:lang="en" lang="en">
 <head>
  <title>
</title>
<meta http-equiv="Content-Type" content="text/html;charset=utf-8" />
  <meta name='ocr-system' content='tesseract 3.04.00' />
  <meta name='ocr-capabilities' content='ocr_page ocr_carea ocr_par ocr_line ocrx_word'/>
</head>
<body>
  <div class='ocr_page' id='page_1' title='image "./epigrammatasele00martuoft_0074.png"; bbox 0 0 1648 2729; ppageno 0'>
   <div class='ocr_carea' id='block_1_1' title="bbox 169 142 730 180">
    <p class='ocr_par' dir='ltr' id='par_1_1' title="bbox 169 142 730 180">
     <span class='ocr_line' id='line_1_1' title="bbox 169 142 730 180; baseline 0 -1"><span class='ocrx_word' id='word_1_1' title='bbox 169 144 225 180; x_wconf 89' lang='lat' dir='ltr'>M.</span> <span class='ocrx_word' id='word_1_2' title='bbox 258 142 380 180; x_wconf 91' lang='lat' dir='ltr'><strong>VAL.</strong></span> <span class='ocrx_word' id='word_1_3' title='bbox 414 142 730 180; x_wconf 92' lang='lat' dir='ltr'>MARTIALIS</span> 
     </span>
    </p>
   </div>
   <div class='ocr_carea' id='block_1_2' title="bbox 167 253 1502 500">
    <p class='ocr_par' dir='ltr' id='par_1_2' title="bbox 167 253 1161 370">
     <span class='ocr_line' id='line_1_2' title="bbox 167 253 1161 304; baseline 0 -12"><span class='ocrx_word' id='word_1_4' title='bbox 167 255 322 304; x_wconf 80' lang='lat' dir='ltr'>inputat</span> <span class='ocrx_word' id='word_1_5' title='bbox 350 253 546 292; x_wconf 87' lang='lat' dir='ltr'>aetherios</span> <span class='ocrx_word' id='word_1_6' title='bbox 576 262 684 293; x_wconf 88' lang='lat' dir='ltr'>ortus</span> <span class='ocrx_word' id='word_1_7' title='bbox 714 255 812 292; x_wconf 86' lang='lat' dir='ltr'>haec</span> <span class='ocrx_word' id='word_1_8' title='bbox 842 254 969 304; x_wconf 90' lang='lat' dir='ltr'>prima</span> <span class='ocrx_word' id='word_1_9' title='bbox 996 254 1161 304; x_wconf 89' lang='lat' dir='ltr'>parenti,</span> 
     </span>
     <span class='ocr_line' id='line_1_3' title="bbox 222 319 1076 370; baseline 0.001 -13"><span class='ocrx_word' id='word_1_10' title='bbox 222 319 317 358; x_wconf 87' lang='lat' dir='ltr'>libat</span> <span class='ocrx_word' id='word_1_11' title='bbox 346 320 531 358; x_wconf 92' lang='lat' dir='ltr'>florentes</span> <span class='ocrx_word' id='word_1_12' title='bbox 561 320 660 358; x_wconf 88' lang='lat' dir='ltr'>haec</span> <span class='ocrx_word' id='word_1_13' title='bbox 690 319 761 357; x_wconf 86' lang='lat' dir='ltr'>tibi</span> <span class='ocrx_word' id='word_1_14' title='bbox 791 319 918 370; x_wconf 89' lang='lat' dir='ltr'>prima</span> <span class='ocrx_word' id='word_1_15' title='bbox 945 333 1076 369; x_wconf 86' lang='lat' dir='ltr'>genas.</span> 
     </span>
    </p>

    <p class='ocr_par' dir='ltr' id='par_1_3' title="bbox 168 383 1502 500">
     <span class='ocr_line' id='line_1_4' title="bbox 168 383 1502 435; baseline 0.001 -14"><span class='ocrx_word' id='word_1_16' title='bbox 168 398 311 435; x_wconf 84' lang='lat' dir='ltr'>magna</span> <span class='ocrx_word' id='word_1_17' title='bbox 339 384 429 422; x_wconf 87' lang='lat' dir='ltr'>licet</span> <span class='ocrx_word' id='word_1_18' title='bbox 459 384 613 423; x_wconf 82' lang='lat' dir='ltr'>dederit</span> <span class='ocrx_word' id='word_1_19' title='bbox 642 383 841 423; x_wconf 88' lang='lat' dir='ltr'>iucundae</span> <span class='ocrx_word' id='word_1_20' title='bbox 871 398 1035 423; x_wconf 89' lang='lat' dir='ltr'>munera</span> <span class='ocrx_word' id='word_1_21' title='bbox 1062 384 1176 432; x_wconf 88' lang='lat' dir='ltr'>vitae,</span> <span class='ocrx_word' id='word_1_22' title='bbox 1485 401 1502 432; x_wconf 86' lang='lat'><strong>5</strong></span> 
     </span>
     <span class='ocr_line' id='line_1_5' title="bbox 222 449 1125 500; baseline 0 -12"><span class='ocrx_word' id='word_1_23' title='bbox 222 451 309 500; x_wconf 90' lang='lat' dir='ltr'>plus</span> <span class='ocrx_word' id='word_1_24' title='bbox 339 463 555 500; x_wconf 80' lang='lat' dir='ltr'>numquam</span> <span class='ocrx_word' id='word_1_25' title='bbox 588 449 687 500; x_wconf 87' lang='lat' dir='ltr'>patri</span> <span class='ocrx_word' id='word_1_26' title='bbox 715 449 907 500; x_wconf 87' lang='lat' dir='ltr'>praestitit</span> <span class='ocrx_word' id='word_1_27' title='bbox 935 450 1000 488; x_wconf 88' lang='lat' dir='ltr'>ille</span> <span class='ocrx_word' id='word_1_28' title='bbox 1029 450 1125 489; x_wconf 89' lang='lat' dir='ltr'>dies.</span> 
     </span>
    </p>
   </div>
   <div class='ocr_carea' id='block_1_3' title="bbox 685 538 769 575">
    <p class='ocr_par' dir='ltr' id='par_1_4' title="bbox 685 538 769 575">
     <span class='ocr_line' id='line_1_6' title="bbox 685 538 769 575; baseline 0.012 -1"><span class='ocrx_word' id='word_1_29' title='bbox 685 538 769 575; x_wconf 90' lang='lat' dir='ltr'>VII</span> 
     </span>
    </p>
   </div>
   <div class='ocr_carea' id='block_1_4' title="bbox 168 602 1503 979">
    <p class='ocr_par' dir='ltr' id='par_1_5' title="bbox 170 602 1056 652">
     <span class='ocr_line' id='line_1_7' title="bbox 170 602 1056 652; baseline -0.001 -10"><span class='ocrx_word' id='word_1_30' title='bbox 170 605 342 643; x_wconf 81' lang='lat' dir='ltr'><strong>Centum</strong></span> <span class='ocrx_word' id='word_1_31' title='bbox 374 602 513 641; x_wconf 80' lang='lat' dir='ltr'>miselli</span> <span class='ocrx_word' id='word_1_32' title='bbox 543 602 619 640; x_wconf 90' lang='lat' dir='ltr'>iarn</span> <span class='ocrx_word' id='word_1_33' title='bbox 650 603 776 641; x_wconf 87' lang='lat' dir='ltr'>valete</span> <span class='ocrx_word' id='word_1_34' title='bbox 805 603 1056 652; x_wconf 83' lang='lat' dir='ltr'><strong>quadrantes,</strong></span> 
     </span>
    </p>

    <p class='ocr_par' dir='ltr' id='par_1_6' title="bbox 168 667 890 718">
     <span class='ocr_line' id='line_1_8' title="bbox 168 667 890 718; baseline -0.001 -12"><span class='ocrx_word' id='word_1_35' title='bbox 168 667 486 707; x_wconf 86' lang='lat' dir='ltr'>anteambulonis</span> <span class='ocrx_word' id='word_1_36' title='bbox 516 667 758 718; x_wconf 79' lang='lat' dir='ltr'>congiarium</span> <span class='ocrx_word' id='word_1_37' title='bbox 787 667 890 715; x_wconf 89' lang='lat' dir='ltr'>lassi,</span> 
     </span>
    </p>

    <p class='ocr_par' dir='ltr' id='par_1_7' title="bbox 169 732 896 782">
     <span class='ocr_line' id='line_1_9' title="bbox 169 732 896 782; baseline 0.001 -12"><span class='ocrx_word' id='word_1_38' title='bbox 169 746 269 782; x_wconf 76' lang='lat' dir='ltr'>quos</span> <span class='ocrx_word' id='word_1_39' title='bbox 299 732 501 771; x_wconf 79' lang='lat' dir='ltr'>dividebat</span> <span class='ocrx_word' id='word_1_40' title='bbox 531 733 734 771; x_wconf 80' lang='lat' dir='ltr'>balneator</span> <span class='ocrx_word' id='word_1_41' title='bbox 763 732 896 771; x_wconf 88' lang='lat' dir='ltr'>elixus.</span> 
     </span>
    </p>

    <p class='ocr_par' dir='ltr' id='par_1_8' title="bbox 170 798 974 849">
     <span class='ocr_line' id='line_1_10' title="bbox 170 798 974 849; baseline 0.001 -14"><span class='ocrx_word' id='word_1_42' title='bbox 170 798 265 848; x_wconf 79' lang='lat' dir='ltr'>quid</span> <span class='ocrx_word' id='word_1_43' title='bbox 296 798 486 849; x_wconf 85' lang='lat' dir='ltr'>cogitatis,</span> <span class='ocrx_word' id='word_1_44' title='bbox 519 811 542 836; x_wconf 95' lang='lat' dir='ltr'>o</span> <span class='ocrx_word' id='word_1_45' title='bbox 572 799 695 836; x_wconf 90' lang='lat' dir='ltr'>fames</span> <span class='ocrx_word' id='word_1_46' title='bbox 724 798 974 836; x_wconf 89' lang='lat' dir='ltr'>amicorum?</span> 
     </span>
    </p>

    <p class='ocr_par' dir='ltr' id='par_1_9' title="bbox 170 863 1503 979">
     <span class='ocr_line' id='line_1_11' title="bbox 170 863 1503 914; baseline -0.001 -12"><span class='ocrx_word' id='word_1_47' title='bbox 170 863 268 913; x_wconf 87' lang='lat' dir='ltr'>regis</span> <span class='ocrx_word' id='word_1_48' title='bbox 298 863 456 914; x_wconf 89' lang='lat' dir='ltr'>superbi</span> <span class='ocrx_word' id='word_1_49' title='bbox 487 865 684 913; x_wconf 85' lang='lat' dir='ltr'>sportulae</span> <span class='ocrx_word' id='word_1_50' title='bbox 714 871 970 902; x_wconf 85' lang='lat' dir='ltr'>recesserunt.</span> <span class='ocrx_word' id='word_1_51' title='bbox 1485 879 1503 911; x_wconf 85' lang='lat'>5</span> 
     </span>
     <span class='ocr_line' id='line_1_12' title="bbox 173 928 1351 979; baseline 0.001 -13"><span class='ocrx_word' id='word_1_52' title='bbox 173 928 304 967; x_wconf 84' lang='lat' dir='ltr'>‘Nihil</span> <span class='ocrx_word' id='word_1_53' title='bbox 334 930 583 979; x_wconf 80' lang='lat' dir='ltr'>stropharum</span> <span class='ocrx_word' id='word_1_54' title='bbox 613 937 694 968; x_wconf 89' lang='lat' dir='ltr'>est:</span> <span class='ocrx_word' id='word_1_55' title='bbox 734 929 812 967; x_wconf 89' lang='lat' dir='ltr'>iam</span> <span class='ocrx_word' id='word_1_56' title='bbox 843 928 1026 967; x_wconf 88' lang='lat' dir='ltr'>salarium</span> <span class='ocrx_word' id='word_1_57' title='bbox 1057 930 1237 967; x_wconf 84' lang='lat' dir='ltr'>dandum</span> <span class='ocrx_word' id='word_1_58' title='bbox 1268 930 1351 968; x_wconf 88' lang='lat' dir='ltr'>est.&#39;</span> 
     </span>
    </p>
   </div>
   <div class='ocr_carea' id='block_1_5' title="bbox 170 1018 1505 1196">
    <p class='ocr_par' dir='ltr' id='par_1_10' title="bbox 170 1018 1505 1196">
     <span class='ocr_line' id='line_1_13' title="bbox 672 1018 779 1055; baseline 0.009 -1"><span class='ocrx_word' id='word_1_59' title='bbox 672 1018 779 1055; x_wconf 89' lang='lat' dir='ltr'>VIII</span> 
     </span>
     <span class='ocr_line' id='line_1_14' title="bbox 170 1081 1505 1132; baseline 0.001 -13"><span class='ocrx_word' id='word_1_60' title='bbox 170 1081 345 1120; x_wconf 79' lang='lat' dir='ltr'>‘Thaida</span> <span class='ocrx_word' id='word_1_61' title='bbox 366 1082 539 1131; x_wconf 87' lang='lat' dir='ltr'>Quintus</span> <span class='ocrx_word' id='word_1_62' title='bbox 560 1084 690 1121; x_wconf 86' lang='lat' dir='ltr'>amat.⁷</span> <span class='ocrx_word' id='word_1_63' title='bbox 723 1086 731 1102; x_wconf 91' lang='lat'>‘</span> <span class='ocrx_word' id='word_1_64' title='bbox 747 1084 879 1132; x_wconf 86' lang='lat' dir='ltr'>Quam</span> <span class='ocrx_word' id='word_1_65' title='bbox 901 1083 1107 1121; x_wconf 89' lang='lat' dir='ltr'>Thaida?&#39;</span> <span class='ocrx_word' id='word_1_66' title='bbox 1132 1082 1309 1121; x_wconf 87' lang='lat' dir='ltr'>‘Thaida</span> <span class='ocrx_word' id='word_1_67' title='bbox 1329 1083 1505 1121; x_wconf 87' lang='lat' dir='ltr'>luscam.&#39;</span> 
     </span>
     <span class='ocr_line' id='line_1_15' title="bbox 227 1148 1219 1196; baseline 0.002 -11"><span class='ocrx_word' id='word_1_68' title='bbox 227 1149 362 1186; x_wconf 83' lang='lat' dir='ltr'>Vnum</span> <span class='ocrx_word' id='word_1_69' title='bbox 393 1149 553 1186; x_wconf 88' lang='lat' dir='ltr'>oculum</span> <span class='ocrx_word' id='word_1_70' title='bbox 584 1148 706 1187; x_wconf 90' lang='lat' dir='ltr'>Thais</span> <span class='ocrx_word' id='word_1_71' title='bbox 737 1162 818 1187; x_wconf 92' lang='lat' dir='ltr'>non</span> <span class='ocrx_word' id='word_1_72' title='bbox 848 1149 981 1196; x_wconf 88' lang='lat' dir='ltr'>habet,</span> <span class='ocrx_word' id='word_1_73' title='bbox 1012 1148 1077 1187; x_wconf 85' lang='lat' dir='ltr'>ille</span> <span class='ocrx_word' id='word_1_74' title='bbox 1107 1150 1219 1187; x_wconf 83' lang='lat' dir='ltr'>duos.</span> 
     </span>
    </p>
   </div>
   <div class='ocr_carea' id='block_1_6' title="bbox 172 1294 1138 1412">
    <p class='ocr_par' dir='ltr' id='par_1_11' title="bbox 172 1294 1138 1412">
     <span class='ocr_line' id='line_1_16' title="bbox 172 1294 1138 1336; baseline 0.001 -3"><span class='ocrx_word' id='word_1_75' title='bbox 172 1295 398 1334; x_wconf 77' lang='lat' dir='ltr'>Versiculos</span> <span class='ocrx_word' id='word_1_76' title='bbox 429 1294 468 1332; x_wconf 91' lang='lat' dir='ltr'>in</span> <span class='ocrx_word' id='word_1_77' title='bbox 500 1308 562 1334; x_wconf 92' lang='lat' dir='ltr'>me</span> <span class='ocrx_word' id='word_1_78' title='bbox 592 1303 768 1334; x_wconf 88' lang='lat' dir='ltr'>narratur</span> <span class='ocrx_word' id='word_1_79' title='bbox 797 1295 967 1334; x_wconf 86' lang='lat' dir='ltr'>seribere</span> <span class='ocrx_word' id='word_1_80' title='bbox 998 1296 1138 1336; x_wconf 89' lang='lat' dir='ltr'>Cinna.</span> 
     </span>
     <span class='ocr_line' id='line_1_17' title="bbox 229 1360 1129 1412; baseline 0.002 -14"><span class='ocrx_word' id='word_1_81' title='bbox 229 1362 321 1399; x_wconf 92' lang='lat' dir='ltr'>Non</span> <span class='ocrx_word' id='word_1_82' title='bbox 352 1360 498 1408; x_wconf 85' lang='lat' dir='ltr'>scribit,</span> <span class='ocrx_word' id='word_1_83' title='bbox 529 1361 641 1400; x_wconf 90' lang='lat' dir='ltr'>cuius</span> <span class='ocrx_word' id='word_1_84' title='bbox 672 1361 847 1400; x_wconf 86' lang='lat' dir='ltr'>carmina</span> <span class='ocrx_word' id='word_1_85' title='bbox 877 1375 996 1401; x_wconf 90' lang='lat' dir='ltr'>nemo</span> <span class='ocrx_word' id='word_1_86' title='bbox 1026 1361 1129 1412; x_wconf 87' lang='lat' dir='ltr'>legit.</span> 
     </span>
    </p>
   </div>
   <div class='ocr_carea' id='block_1_7' title="bbox 175 1445 1508 2099">
    <p class='ocr_par' dir='ltr' id='par_1_12' title="bbox 175 1445 1508 2099">
     <span class='ocr_line' id='line_1_18' title="bbox 713 1445 751 1482; baseline 0 0"><span class='ocrx_word' id='word_1_87' title='bbox 713 1445 751 1482; x_wconf 92' lang='lat' dir='ltr'>X</span> 
     </span>
     <span class='ocr_line' id='line_1_19' title="bbox 176 1508 1180 1559; baseline 0.001 -12"><span class='ocrx_word' id='word_1_88' title='bbox 176 1508 403 1555; x_wconf 80' lang='lat' dir='ltr'>Constituit,</span> <span class='ocrx_word' id='word_1_89' title='bbox 436 1508 676 1556; x_wconf 74' lang='lat' dir='ltr'>philomuse,</span> <span class='ocrx_word' id='word_1_90' title='bbox 710 1517 819 1559; x_wconf 88' lang='lat' dir='ltr'>pater</span> <span class='ocrx_word' id='word_1_91' title='bbox 847 1508 919 1547; x_wconf 89' lang='lat' dir='ltr'>tibi</span> <span class='ocrx_word' id='word_1_92' title='bbox 949 1509 1056 1547; x_wconf 88' lang='lat' dir='ltr'>milia</span> <span class='ocrx_word' id='word_1_93' title='bbox 1086 1509 1180 1549; x_wconf 89' lang='lat' dir='ltr'>bina</span> 
     </span>
     <span class='ocr_line' id='line_1_20' title="bbox 229 1574 1206 1625; baseline 0.002 -14"><span class='ocrx_word' id='word_1_94' title='bbox 229 1581 429 1612; x_wconf 90' lang='lat' dir='ltr'>menstrua</span> <span class='ocrx_word' id='word_1_95' title='bbox 456 1587 605 1624; x_wconf 85' lang='lat' dir='ltr'>perque</span> <span class='ocrx_word' id='word_1_96' title='bbox 635 1574 765 1612; x_wconf 88' lang='lat' dir='ltr'>omnis</span> <span class='ocrx_word' id='word_1_97' title='bbox 794 1574 986 1625; x_wconf 91' lang='lat' dir='ltr'>praestitit</span> <span class='ocrx_word' id='word_1_98' title='bbox 1015 1575 1080 1613; x_wconf 88' lang='lat' dir='ltr'>illa</span> <span class='ocrx_word' id='word_1_99' title='bbox 1110 1574 1206 1622; x_wconf 87' lang='lat' dir='ltr'>dies,</span> 
     </span>
     <span class='ocr_line' id='line_1_21' title="bbox 175 1639 1273 1690; baseline 0.003 -14"><span class='ocrx_word' id='word_1_100' title='bbox 175 1639 366 1677; x_wconf 83' lang='lat' dir='ltr'>luxuriam</span> <span class='ocrx_word' id='word_1_101' title='bbox 396 1648 590 1688; x_wconf 91' lang='lat' dir='ltr'>premeret</span> <span class='ocrx_word' id='word_1_102' title='bbox 619 1653 709 1678; x_wconf 89' lang='lat' dir='ltr'>cum</span> <span class='ocrx_word' id='word_1_103' title='bbox 740 1639 908 1678; x_wconf 85' lang='lat' dir='ltr'>crastina</span> <span class='ocrx_word' id='word_1_104' title='bbox 937 1653 1092 1690; x_wconf 87' lang='lat' dir='ltr'>semper</span> <span class='ocrx_word' id='word_1_105' title='bbox 1121 1648 1273 1690; x_wconf 86' lang='lat' dir='ltr'>egestas</span> 
     </span>
     <span class='ocr_line' id='line_1_22' title="bbox 229 1704 1006 1744; baseline 0.003 -2"><span class='ocrx_word' id='word_1_106' title='bbox 229 1714 267 1742; x_wconf 87' lang='lat' dir='ltr'>et</span> <span class='ocrx_word' id='word_1_107' title='bbox 296 1704 398 1742; x_wconf 89' lang='lat' dir='ltr'>vitiis</span> <span class='ocrx_word' id='word_1_108' title='bbox 428 1712 559 1743; x_wconf 85' lang='lat' dir='ltr'>essent</span> <span class='ocrx_word' id='word_1_109' title='bbox 589 1706 721 1744; x_wconf 84' lang='lat' dir='ltr'>danda</span> <span class='ocrx_word' id='word_1_110' title='bbox 750 1705 891 1743; x_wconf 87' lang='lat' dir='ltr'>diurna</span> <span class='ocrx_word' id='word_1_111' title='bbox 920 1705 1006 1744; x_wconf 86' lang='lat' dir='ltr'>tuis.</span> 
     </span>
     <span class='ocr_line' id='line_1_23' title="bbox 175 1769 1508 1821; baseline 0.002 -14"><span class='ocrx_word' id='word_1_112' title='bbox 175 1770 281 1808; x_wconf 89' lang='lat' dir='ltr'>idem</span> <span class='ocrx_word' id='word_1_113' title='bbox 312 1777 350 1808; x_wconf 92' lang='lat' dir='ltr'>te</span> <span class='ocrx_word' id='word_1_114' title='bbox 380 1769 552 1808; x_wconf 89' lang='lat' dir='ltr'>moriens</span> <span class='ocrx_word' id='word_1_115' title='bbox 581 1771 769 1809; x_wconf 90' lang='lat' dir='ltr'>heredem</span> <span class='ocrx_word' id='word_1_116' title='bbox 800 1784 847 1809; x_wconf 87' lang='lat' dir='ltr'>ex</span> <span class='ocrx_word' id='word_1_117' title='bbox 875 1784 962 1809; x_wconf 89' lang='lat' dir='ltr'>asse</span> <span class='ocrx_word' id='word_1_118' title='bbox 992 1770 1158 1821; x_wconf 85' lang='lat' dir='ltr'>reliquit.</span> <span class='ocrx_word' id='word_1_119' title='bbox 1490 1788 1508 1818; x_wconf 80' lang='lat'>5</span> 
     </span>
     <span class='ocr_line' id='line_1_24' title="bbox 230 1833 980 1885; baseline 0.003 -13"><span class='ocrx_word' id='word_1_120' title='bbox 230 1833 479 1873; x_wconf 84' lang='lat' dir='ltr'>exheredavit</span> <span class='ocrx_word' id='word_1_121' title='bbox 506 1842 554 1882; x_wconf 89' lang='lat' dir='ltr'>te,</span> <span class='ocrx_word' id='word_1_122' title='bbox 588 1835 827 1883; x_wconf 87' lang='lat' dir='ltr'>Philomuse,</span> <span class='ocrx_word' id='word_1_123' title='bbox 860 1843 980 1885; x_wconf 89' lang='lat' dir='ltr'>pater.</span> 
     </span>
     <span class='ocr_line' id='line_1_25' title="bbox 704 1919 763 1956; baseline 0.017 -1"><span class='ocrx_word' id='word_1_124' title='bbox 704 1919 763 1956; x_wconf 93' lang='lat' dir='ltr'>XI</span> 
     </span>
     <span class='ocr_line' id='line_1_26' title="bbox 177 1982 1273 2034; baseline 0.003 -15"><span class='ocrx_word' id='word_1_125' title='bbox 177 1982 216 2020; x_wconf 77' lang='lat' dir='ltr'>Si</span> <span class='ocrx_word' id='word_1_126' title='bbox 246 1990 312 2020; x_wconf 89' lang='lat' dir='ltr'>tua</span> <span class='ocrx_word' id='word_1_127' title='bbox 341 1995 414 2020; x_wconf 88' lang='lat' dir='ltr'>nec</span> <span class='ocrx_word' id='word_1_128' title='bbox 445 1982 567 2021; x_wconf 86' lang='lat' dir='ltr'>Thais</span> <span class='ocrx_word' id='word_1_129' title='bbox 597 1996 670 2021; x_wconf 85' lang='lat' dir='ltr'>nec</span> <span class='ocrx_word' id='word_1_130' title='bbox 700 1984 809 2021; x_wconf 84' lang='lat' dir='ltr'>lusca</span> <span class='ocrx_word' id='word_1_131' title='bbox 837 1991 906 2031; x_wconf 91' lang='lat' dir='ltr'>est,</span> <span class='ocrx_word' id='word_1_132' title='bbox 940 1982 1099 2033; x_wconf 85' lang='lat' dir='ltr'>Quinte,</span> <span class='ocrx_word' id='word_1_133' title='bbox 1131 1985 1273 2034; x_wconf 87' lang='lat' dir='ltr'>puella,</span> 
     </span>
     <span class='ocr_line' id='line_1_27' title="bbox 231 2047 1133 2099; baseline 0.003 -14"><span class='ocrx_word' id='word_1_134' title='bbox 231 2061 298 2085; x_wconf 86' lang='lat' dir='ltr'>cur</span> <span class='ocrx_word' id='word_1_135' title='bbox 327 2047 366 2085; x_wconf 92' lang='lat' dir='ltr'>in</span> <span class='ocrx_word' id='word_1_136' title='bbox 397 2055 434 2086; x_wconf 90' lang='lat' dir='ltr'>te</span> <span class='ocrx_word' id='word_1_137' title='bbox 464 2049 609 2086; x_wconf 83' lang='lat' dir='ltr'>factum</span> <span class='ocrx_word' id='word_1_138' title='bbox 642 2047 841 2087; x_wconf 85' lang='lat' dir='ltr'>distichon</span> <span class='ocrx_word' id='word_1_139' title='bbox 871 2062 956 2087; x_wconf 89' lang='lat' dir='ltr'>esse</span> <span class='ocrx_word' id='word_1_140' title='bbox 985 2050 1133 2099; x_wconf 89' lang='lat' dir='ltr'>putas?</span> 
     </span>
    </p>
   </div>
   <div class='ocr_carea' id='block_1_8' title="bbox 221 2151 1506 2239">
    <p class='ocr_par' dir='ltr' id='par_1_13' title="bbox 221 2151 1506 2239">
     <span class='ocr_line' id='line_1_28' title="bbox 222 2151 993 2191; baseline 0.004 -10"><span class='ocrx_word' id='word_1_141' title='bbox 222 2152 266 2181; x_wconf 92' lang='lat' dir='ltr'>VI</span> <span class='ocrx_word' id='word_1_142' title='bbox 292 2162 311 2190; x_wconf 91' lang='lat'><strong>4</strong></span> <span class='ocrx_word' id='word_1_143' title='bbox 335 2162 440 2191; x_wconf 84' lang='lat' dir='ltr'>negas</span> <span class='ocrx_word' id='word_1_144' title='bbox 459 2151 507 2183; x_wconf 65' lang='lat' dir='ltr'>CA</span> <span class='ocrx_word' id='word_1_145' title='bbox 639 2155 659 2183; x_wconf 89' lang='lat'><strong>6</strong></span> <span class='ocrx_word' id='word_1_146' title='bbox 684 2153 751 2184; x_wconf 86' lang='lat' dir='ltr'>ulla</span> <span class='ocrx_word' id='word_1_147' title='bbox 767 2153 845 2184; x_wconf 69' lang='lat' dir='ltr'>BA:</span> <span class='ocrx_word' id='word_1_148' title='bbox 870 2153 925 2184; x_wconf 87' lang='lat' dir='ltr'>ille</span> <span class='ocrx_word' id='word_1_149' title='bbox 945 2153 993 2184; x_wconf 73' lang='lat' dir='ltr'>CA</span> 
     </span>
     <span class='ocr_line' id='line_1_29' title="bbox 221 2195 1506 2239; baseline 0.003 -14"><span class='ocrx_word' id='word_1_150' title='bbox 221 2195 284 2225; x_wconf 92' lang='lat' dir='ltr'>VII</span> <span class='ocrx_word' id='word_1_151' title='bbox 311 2205 330 2225; x_wconf 88' lang='lat'><strong>2</strong></span> <span class='ocrx_word' id='word_1_152' title='bbox 355 2195 603 2227; x_wconf 85' lang='lat' dir='ltr'>antambulonis</span> <span class='ocrx_word' id='word_1_153' title='bbox 616 2196 666 2227; x_wconf 76' lang='lat' dir='ltr'>CA</span> <span class='ocrx_word' id='word_1_154' title='bbox 754 2197 963 2237; x_wconf 86' lang='lat' dir='ltr'>conglarium</span> <span class='ocrx_word' id='word_1_155' title='bbox 980 2196 1036 2227; x_wconf 75' lang='lat' dir='ltr'>BA</span> <span class='ocrx_word' id='word_1_156' title='bbox 1152 2207 1171 2236; x_wconf 88' lang='grc'>3</span> <span class='ocrx_word' id='word_1_157' title='bbox 1195 2207 1279 2237; x_wconf 87' lang='lat' dir='ltr'>quas</span> <span class='ocrx_word' id='word_1_158' title='bbox 1298 2197 1397 2238; x_wconf 90' lang='lat' dir='ltr'>(quos</span> <span class='ocrx_word' id='word_1_159' title='bbox 1414 2198 1458 2239; x_wconf 87' lang='lat' dir='ltr'>L)</span> <span class='ocrx_word' id='word_1_160' title='bbox 1476 2200 1506 2230; x_wconf 90' lang='lat' dir='ltr'>d.</span> 
     </span>
    </p>
   </div>
   <div class='ocr_carea' id='block_1_9' title="bbox 121 2238 629 2279">
    <p class='ocr_par' dir='ltr' id='par_1_14' title="bbox 121 2238 629 2279">
     <span class='ocr_line' id='line_1_30' title="bbox 121 2238 629 2279; baseline 0.004 -11"><span class='ocrx_word' id='word_1_161' title='bbox 121 2272 127 2279; x_wconf 29' lang='grc' dir='ltr'>ι</span> <span class='ocrx_word' id='word_1_162' title='bbox 179 2238 251 2269; x_wconf 73' lang='lat' dir='ltr'>BA:</span> <span class='ocrx_word' id='word_1_163' title='bbox 278 2240 367 2278; x_wconf 90' lang='lat' dir='ltr'>quod</span> <span class='ocrx_word' id='word_1_164' title='bbox 382 2240 409 2270; x_wconf 88' lang='lat' dir='ltr'>si</span> <span class='ocrx_word' id='word_1_165' title='bbox 427 2240 562 2270; x_wconf 85' lang='lat' dir='ltr'>uidebat</span> <span class='ocrx_word' id='word_1_166' title='bbox 581 2240 629 2270; x_wconf 75' lang='lat' dir='ltr'>CA</span> 
     </span>
    </p>
   </div>
   <div class='ocr_carea' id='block_1_10' title="bbox 223 2283 1509 2358">
    <p class='ocr_par' dir='ltr' id='par_1_15' title="bbox 223 2283 1509 2358">
     <span class='ocr_line' id='line_1_31' title="bbox 223 2283 1509 2357; baseline 0.003 -45"><span class='ocrx_word' id='word_1_167' title='bbox 223 2283 311 2356; x_wconf 52' lang='grc' dir='ltr'>ῗςΙζῐῐΙ</span> <span class='ocrx_word' id='word_1_168' title='bbox 328 2283 454 2357; x_wconf 47' lang='grc' dir='ltr'><em>Ιιὸαὸῂῆ</em></span> <span class='ocrx_word' id='word_1_169' title='bbox 588 2294 601 2314; x_wconf 94' lang='lat'>1</span> <span class='ocrx_word' id='word_1_170' title='bbox 629 2295 727 2324; x_wconf 85' lang='lat' dir='ltr'>quam</span> <span class='ocrx_word' id='word_1_171' title='bbox 745 2285 793 2316; x_wconf 90' lang='lat' dir='ltr'>th.</span> <span class='ocrx_word' id='word_1_172' title='bbox 820 2284 839 2316; x_wconf 87' lang='lat' dir='ltr'>l.</span> <span class='ocrx_word' id='word_1_173' title='bbox 864 2284 940 2315; x_wconf 69' lang='lat' dir='ltr'>BA:</span> <span class='ocrx_word' id='word_1_174' title='bbox 973 2294 1074 2324; x_wconf 90' lang='lat' dir='ltr'>quam</span> <span class='ocrx_word' id='word_1_175' title='bbox 1099 2283 1249 2315; x_wconf 90' lang='lat' dir='ltr'>thaidam</span> <span class='ocrx_word' id='word_1_176' title='bbox 1273 2284 1386 2315; x_wconf 87' lang='lat' dir='ltr'>thaida</span> <span class='ocrx_word' id='word_1_177' title='bbox 1409 2284 1430 2316; x_wconf 88' lang='lat' dir='ltr'>l.</span> <span class='ocrx_word' id='word_1_178' title='bbox 1459 2285 1509 2316; x_wconf 77' lang='lat' dir='ltr'>CA</span> 
     </span>
     <span class='ocr_line' id='line_1_32' title="bbox 309 2337 369 2358; baseline 0.033 -2"><span class='ocrx_word' id='word_1_179' title='bbox 309 2337 340 2356; x_wconf 76' lang='grc' dir='ltr'>ια</span> <span class='ocrx_word' id='word_1_180' title='bbox 362 2351 369 2358; x_wconf 90' lang='grc'><strong>.</strong></span> 
     </span>
    </p>
   </div>
   <div class='ocr_carea' id='block_1_11' title="bbox 224 2369 1369 2446">
    <p class='ocr_par' dir='ltr' id='par_1_16' title="bbox 224 2369 1369 2446">
     <span class='ocr_line' id='line_1_33' title="bbox 224 2369 1198 2411; baseline 0.002 -12"><span class='ocrx_word' id='word_1_181' title='bbox 224 2369 255 2399; x_wconf 84' lang='grc' dir='ltr'>Χ</span> <span class='ocrx_word' id='word_1_182' title='bbox 279 2381 298 2408; x_wconf 88' lang='lat'><strong>4</strong></span> <span class='ocrx_word' id='word_1_183' title='bbox 323 2374 440 2401; x_wconf 85' lang='lat' dir='ltr'>essent</span> <span class='ocrx_word' id='word_1_184' title='bbox 455 2370 529 2401; x_wconf 84' lang='lat' dir='ltr'>Ital.</span> <span class='ocrx_word' id='word_1_185' title='bbox 547 2382 553 2401; x_wconf 94' lang='lat'>:</span> <span class='ocrx_word' id='word_1_186' title='bbox 578 2376 669 2402; x_wconf 86' lang='lat' dir='ltr'>esset</span> <span class='ocrx_word' id='word_1_187' title='bbox 687 2372 771 2411; x_wconf 78' lang='lat' dir='ltr'>(eet)</span> <span class='ocrx_word' id='word_1_188' title='bbox 790 2371 878 2404; x_wconf 88' lang='lat' dir='ltr'>codd.</span> <span class='ocrx_word' id='word_1_189' title='bbox 970 2371 1128 2402; x_wconf 86' lang='lat' dir='ltr'>diuturna</span> <span class='ocrx_word' id='word_1_190' title='bbox 1144 2370 1198 2401; x_wconf 74' lang='lat' dir='ltr'>BA</span> 
     </span>
     <span class='ocr_line' id='line_1_34' title="bbox 224 2413 1369 2446; baseline 0.002 -2"><span class='ocrx_word' id='word_1_191' title='bbox 224 2413 272 2444; x_wconf 89' lang='lat' dir='ltr'>XI</span> <span class='ocrx_word' id='word_1_192' title='bbox 297 2424 346 2446; x_wconf 81' lang='lat' dir='ltr'>vv.</span> <span class='ocrx_word' id='word_1_193' title='bbox 366 2423 427 2444; x_wconf 89' lang='lat'>1-2</span> <span class='ocrx_word' id='word_1_194' title='bbox 442 2415 516 2446; x_wconf 76' lang='lat' dir='ltr'>hab.</span> <span class='ocrx_word' id='word_1_195' title='bbox 532 2415 566 2445; x_wconf 87' lang='lat' dir='ltr'><em>R</em></span> <span class='ocrx_word' id='word_1_196' title='bbox 687 2424 699 2444; x_wconf 77' lang='lat' dir='ltr'>r</span> <span class='ocrx_word' id='word_1_197' title='bbox 719 2415 768 2446; x_wconf 86' lang='lat' dir='ltr'>sic</span> <span class='ocrx_word' id='word_1_198' title='bbox 784 2415 817 2445; x_wconf 84' lang='lat' dir='ltr'><em>R</em></span> <span class='ocrx_word' id='word_1_199' title='bbox 936 2425 955 2445; x_wconf 87' lang='lat'><em>2</em></span> <span class='ocrx_word' id='word_1_200' title='bbox 973 2425 1052 2446; x_wconf 87' lang='lat' dir='ltr'>ecce</span> <span class='ocrx_word' id='word_1_201' title='bbox 1068 2415 1146 2445; x_wconf 69' lang='lat' dir='ltr'>AA:</span> <span class='ocrx_word' id='word_1_202' title='bbox 1170 2425 1246 2446; x_wconf 85' lang='lat' dir='ltr'>esse</span> <span class='ocrx_word' id='word_1_203' title='bbox 1262 2413 1369 2446; x_wconf 77' lang='grc' dir='ltr'>ΒΑίἎ</span> 
     </span>
    </p>
   </div>
  </div>
 </body>
</html>
