1648 2729
196 124 251 161 M.
283 123 406 161 VAL.
438 123 753 161 MARTIALIS

694 236 814 274 LXII

195 313 320 352 Tibur
348 312 389 350 in
420 314 666 351 Herculeum
696 312 874 363 migravit
903 311 1012 362 nigra
1042 311 1214 362 Lycoris,

248 377 381 416 omnia
410 378 506 416 dum
537 377 619 416 fieri
648 376 819 415 candida
847 376 971 415 credit
1001 375 1066 414 ibi.

680 482 824 519 LXIII

195 561 302 596 Dum
332 557 429 608 petit
457 571 480 596 a
510 557 644 596 Baulis
674 565 797 596 mater
826 556 1018 596 Caerellia
1047 556 1175 604 Baias,

247 623 393 662 occidit
422 622 549 661 insani
579 622 742 661 crimine
771 636 898 661 mersa
927 621 1024 660 freti.

193 687 314 738 gloria
344 696 491 738 quanta
520 687 619 738 perit
647 687 785 726 vobis!
824 688 924 725 haec
953 694 1130 725 monstra
1159 685 1311 725 Neroni

247 767 320 792 nec
350 754 478 792 iussae
507 754 712 803 quondam
742 751 1033 802 praestiteratis,
1063 765 1200 802 aquae.

677 858 814 895 LXIV

303 934 379 973 Iuli
408 934 540 985 iugera
568 948 695 984 pauca
726 932 918 972 Martialis

301 999 423 1039 hortis
455 999 726 1050 Hesperidum
755 998 932 1037 beatiora

300 1067 419 1116 longo
450 1064 617 1103 Ianiculi
645 1064 736 1114 iugo
767 1063 1026 1102 recumbunt:

300 1130 366 1168 lati
395 1130 562 1169 collibus
592 1129 767 1168 eminent
796 1141 972 1167 recessus

300 1204 338 1234 et
367 1197 507 1245 planus
538 1194 697 1234 modico
727 1202 881 1232 tumore
909 1201 1043 1231 vertex
1507 1209 1524 1240 5

300 1262 410 1299 caelo
439 1260 647 1311 perfruitur
675 1259 871 1298 sereniore

300 1333 338 1364 et
367 1339 503 1364 curvas
533 1326 679 1364 nebula
708 1332 864 1375 tegente
892 1325 1012 1362 valles

300 1393 405 1429 solus
435 1392 522 1429 luce
551 1390 649 1429 nitet
678 1389 890 1440 peculiari:

299 1455 405 1506 puris
434 1455 572 1494 leniter
599 1457 862 1494 admoventur
889 1453 1002 1493 astris

299 1523 427 1559 celsae
455 1521 629 1559 culmina
657 1520 825 1559 delicata
853 1519 977 1558 villae.
1486 1534 1527 1557 10

301 1586 410 1625 Hinc
440 1595 591 1636 septem
622 1585 808 1624 dominos
837 1585 969 1623 videre
999 1583 1146 1623 montis

300 1660 338 1690 et
367 1659 491 1690 totam
521 1651 612 1690 licet
640 1651 847 1689 aestimare
878 1652 1063 1697 Romam,

299 1717 477 1755 Albanos
508 1729 668 1766 quoque
697 1717 974 1765 Tusculosque
1003 1716 1124 1753 colles

299 1790 338 1820 et
367 1783 651 1832 quodcumque
681 1780 781 1819 iacet
811 1781 884 1819 sub
914 1781 1011 1818 urbe
1039 1779 1169 1830 frigus,

300 1847 470 1885 Fidenas
499 1855 650 1885 veteres
680 1846 898 1895 brevesque
929 1845 1097 1892 Rubras,
1486 1858 1521 1891 ¹5

299 1920 338 1951 et
367 1913 475 1962 quod
504 1911 678 1961 virgineo
708 1924 845 1949 cruore
873 1912 1020 1961 gaudet

299 1979 440 2015 Annae
468 1977 705 2027 pomiferum
733 1990 874 2014 nemus
904 1978 1117 2015 Perennae.

300 2042 415 2080 Illinc
446 2041 663 2080 Flaminiae
693 2040 944 2091 Salariaeque

237 2145 334 2176 LXII
360 2146 432 2177 lzab.
460 2144 494 2175 R
582 2144 687 2174 Tibur
703 2144 737 2174 in
758 2144 955 2175 herculeum
971 2144 1030 2175 ΛΑ
1050 2143 1200 2185 (erculeo
1223 2142 1294 2185 R):
1319 2143 1424 2174 Tibur
1447 2142 1522 2173 her-

192 2190 322 2221 culeum
338 2189 392 2219 ΒΑ
408 2201 415 2219 :
439 2188 596 2219 Tiburiae
613 2188 810 2218 herculeum
829 2188 877 2218 CA

236 2233 351 2263 LXIII
375 2232 449 2263 hab.
476 2232 505 2262 T
631 2241 650 2270 3
674 2231 816 2262 neronis
834 2232 882 2263 CA
1013 2242 1033 2270 4
1057 2232 1148 2261 iussa
1164 2230 1220 2261 ΒΑ

237 2277 347 2307 LXIV
375 2287 389 2307 1
414 2275 503 2306 Tulli
519 2275 567 2306 CA
583 2275 657 2316 (sed
666 2286 694 2306 v.
709 2276 754 2314 36
766 2275 844 2315 Iuli)
934 2285 954 2304 2
979 2275 1172 2306 heseridum
1184 2274 1240 2304 ΒΑ
1327 2283 1348 2311 4
1372 2271 1524 2304 eminent

191 2320 244 2350 ΒΑ
260 2331 267 2351 :
289 2321 466 2351 imminent
485 2319 533 2350 CA
649 2330 670 2358 9
695 2320 921 2350 admonentur
940 2318 987 2349 CA
1005 2324 1041 2358 (n
1055 2324 1119 2359 pro
1135 2328 1170 2357 u)
1283 2326 1323 2348 10
1346 2317 1452 2347 uittae
1467 2315 1525 2346 BA

194 2364 234 2403 &T
245 2368 306 2403 pro
323 2363 365 2402 L)
457 2373 492 2393 11
520 2362 656 2393 domino
675 2362 723 2393 CA
816 2372 853 2400 14
878 2361 956 2392 facit
971 2362 1046 2392 BA:
1072 2362 1159 2393 iacet
1178 2360 1225 2392 (Ἀ
1327 2361 1367 2391 16
1390 2360 1522 2399 virgIne

192 2407 353 2446 nequiore
367 2406 493 2437 Munro
575 2408 614 2436 18
637 2406 730 2437 illinc
742 2406 811 2437 BA:
835 2405 901 2437 illic
915 2406 963 2436 CA
