1648 2729
484 544 552 591 M.
603 544 761 593 VAL.
814 545 1225 594 MARTIALIS

551 679 1158 727 EPIGRAMMATON

717 813 889 850 LIBER
929 813 995 850 III

844 933 862 969 Ι

189 1005 285 1040 Hoc
314 1002 385 1041 tibi
415 1001 609 1052 quidquid
639 1002 679 1040 id
709 1010 768 1041 est
797 1002 1023 1052 longinquis
1054 1002 1171 1042 mittit
1200 1005 1251 1043 ab
1281 1005 1358 1043 oris

241 1067 369 1105 Gallia
400 1069 606 1105 Romanae
636 1066 798 1105 nomine
827 1067 933 1106 dieta
963 1076 1088 1119 togae.

188 1134 293 1171 hune
323 1132 417 1183 legis
447 1140 485 1170 et
515 1134 652 1170 laudas
682 1131 825 1170 librum
861 1134 1025 1172 fortasse
1055 1134 1249 1183 priorem:

241 1198 304 1236 illa
333 1200 393 1236 vel
423 1200 520 1236 haec
551 1211 639 1236 mea
667 1205 768 1245 sunt,
802 1212 902 1248 quae
933 1199 1093 1238 meliora
1123 1208 1248 1250 putas.

187 1265 273 1313 plus
303 1277 397 1301 sane
427 1265 579 1312 placeat
609 1263 773 1301 domina
802 1263 870 1313 qui
900 1271 1015 1302 natus
1045 1264 1084 1302 in
1116 1266 1212 1304 urbe
1242 1273 1325 1304 est:
1501 1281 1518 1311 5

240 1329 360 1367 debet
390 1328 495 1366 enim
527 1330 683 1366 Gallum
715 1328 871 1367 vincere
901 1342 1019 1367 verna
1049 1329 1157 1368 liber.

835 1430 876 1466 II

295 1498 418 1537 Cuius
448 1498 505 1536 vis
536 1498 627 1545 fieri,
660 1498 802 1546 libelle,
835 1501 1012 1537 munus?

294 1563 435 1601 festina
464 1562 534 1601 tibi
564 1563 762 1602 vindicem
792 1577 937 1613 parare,

294 1642 344 1666 ne
375 1628 524 1677 nigram
555 1630 634 1666 cito
664 1636 797 1678 raptus
827 1629 867 1666 in
897 1628 1068 1667 culinam

294 1695 473 1742 Cordylas
503 1693 664 1731 madida
692 1701 799 1743 tegas
829 1707 977 1744 papyro

295 1760 354 1796 vel
386 1758 479 1796 turis
504 1758 698 1808 piperisve
728 1758 779 1797 sis
809 1760 998 1797 cucullus.
1500 1775 1517 1805 5
1566 1758 1569 1759 ⁷

297 1823 472 1861 Faustini
502 1824 601 1873 sugis
631 1823 670 1862 in
702 1824 865 1862 sinum?
904 1823 1050 1873 sapisti.

296 1890 415 1927 cedro
445 1903 550 1927 nunc
580 1889 671 1928 licet
699 1890 879 1927 ambules
910 1896 1122 1939 perunctus

295 1962 332 1992 et
362 1954 499 1992 frontis
528 1954 688 2004 gemino
718 1956 864 1993 decens
894 1956 1045 1993 honore

296 2018 409 2068 pictis
438 2019 640 2058 luxurieris
671 2020 879 2067 umbilicis,

296 2092 333 2122 et
364 2092 402 2123 te
431 2098 603 2134 purpura
631 2085 801 2123 delicata
829 2087 943 2132 velet,
1483 2101 1522 2121 10

297 2158 334 2188 et
364 2163 486 2188 cocco
516 2151 654 2189 rubeat
683 2151 875 2200 superbus
904 2150 1033 2189 index.

296 2215 362 2253 illo
393 2215 549 2253 vindice
579 2229 652 2254 nec
684 2216 856 2254 Probum
889 2215 1037 2254 timeto.

235 2319 244 2348 I
271 2319 343 2350 hab.
370 2318 401 2349 T
528 2330 547 2358 3
572 2320 670 2350 Nunc
687 2320 720 2350 F

235 2363 264 2392 11
291 2373 309 2400 4
336 2363 486 2393 madidas
503 2363 579 2394 BA:
603 2364 736 2394 madida
755 2363 803 2393 CA
935 2373 954 2402 5
979 2363 1148 2402 piperisue
1160 2362 1232 2392 BA:
1258 2363 1452 2402 piperisque
1472 2362 1521 2393 CA

192 2416 225 2436 11
255 2406 374 2436 rubeas
394 2406 442 2437 CA
577 2416 615 2436 12
639 2407 771 2438 uindice
789 2407 865 2437 BA:
890 2406 999 2437 iudice
1018 2406 1066 2437 CA
