1648 2729
793 160 1262 199 EPIGRAMMATON
1295 161 1397 198 LIB.
1433 162 1449 198 Ι

613 273 732 312 CXII

119 346 222 384 Cum
252 352 290 383 te
319 357 400 383 non
430 357 600 390 nossem,
632 343 841 382 dominum
872 355 1084 393 regemque
1113 344 1329 381 vocabam:

172 424 278 448 nunc
307 410 410 448 bene
440 418 477 448 te
507 408 623 448 novi:
662 408 740 446 iam
771 408 867 446 mihi
899 408 1053 447 Priscus
1084 409 1168 447 eris.

604 530 748 569 CXIII

118 614 407 662 Quaecumque
436 611 510 649 lusi
538 610 690 649 iuvenis
720 618 758 649 et
787 625 884 661 puer
913 612 1116 661 quondam

116 677 334 728 apinasque
363 684 525 723 nostras,
559 690 657 726 quas
687 690 761 715 nec
790 676 875 727 ipse
904 676 981 714 iam
1013 677 1116 723 novi,

118 745 220 781 male
249 744 458 781 conlocare
488 742 519 780 si
549 742 675 780 bonas
704 743 812 780 voles
842 743 958 780 horas

117 816 156 847 et
184 807 380 847 invidebis
410 807 492 846 otio
522 815 602 854 tuo,
633 809 767 854 lector,

118 888 141 912 a
169 873 382 912 Valeriano
413 872 540 911 Pollio
570 881 680 923 petes
712 873 876 921 Quinto,
1440 890 1456 919 5

120 953 189 989 per
217 952 336 988 quern
367 937 490 988 perire
521 951 602 976 non
631 937 722 976 licet
754 937 850 976 meis
881 938 1006 987 nugis.

617 1065 754 1104 CXIV

121 1149 210 1186 Hos
240 1146 311 1185 tibi
340 1145 501 1193 vicinos,
535 1145 732 1192 Faustine‚
765 1148 1036 1196 Telesphorus
1067 1148 1203 1184 hortos

175 1211 344 1251 Faenius
374 1219 412 1250 et
442 1212 560 1253 breve
589 1225 653 1250 rus
683 1213 843 1261 udaque
872 1219 982 1262 prata
1012 1219 1130 1250 tenet.

120 1277 300 1316 condidit
330 1276 393 1315 hic
424 1285 539 1314 natae
569 1276 720 1315 cineres
750 1290 979 1327 nomenque
1009 1276 1174 1315 sacravit

175 1343 284 1393 quod
313 1341 408 1392 legis
438 1343 636 1389 Antullae,
668 1341 823 1392 dignior
851 1342 935 1392 ipse
965 1341 1050 1392 legi.

121 1410 172 1447 ad
202 1408 354 1458 Stygias
383 1422 555 1458 aequum
585 1409 712 1446 fuerat
741 1415 851 1457 pater
880 1407 972 1446 isset
1002 1415 1044 1445 ut
1074 1407 1257 1445 umbras:
1442 1423 1458 1453 5

176 1475 285 1524 quod
315 1474 407 1524 quia
437 1487 517 1512 non
548 1473 667 1520 licuit,
699 1473 814 1520 vivat,
846 1481 889 1511 ut
918 1486 1006 1511 ossa
1036 1474 1149 1511 colat.

627 1596 741 1635 CXV

233 1679 443 1727 Quaedam
474 1692 537 1717 me
567 1677 890 1728 cupit‚—invide‚
924 1677 1090 1715 Procille
1109 1680 1172 1715 1-—

231 1745 313 1782 loto
343 1743 549 1782 candidior
577 1745 708 1793 puella
737 1756 873 1792 cycno,

232 1816 406 1859 argento,
438 1809 537 1856 nive,
570 1808 662 1855 lilio,
694 1808 879 1858 ligustro:

233 1875 304 1912 sed
333 1874 535 1923 quandam
564 1874 656 1912 volo
686 1880 804 1911 nocte
833 1871 1054 1921 nigriorem,

233 1938 406 1985 formica,
438 1938 537 1989 pice,
569 1940 738 1988 graculo,
770 1937 918 1976 cicada.
1444 1952 1461 1981 5

237 2005 323 2042 Iam
353 2003 567 2054 suspendia
597 2017 713 2042 saeva
747 2002 974 2052 cogitabas:

236 2069 268 2107 si
296 2069 392 2112 novi
419 2070 522 2108 bene
552 2077 603 2117 te,
634 2068 813 2115 Procssle,
845 2067 961 2106 vives.

169 2173 266 2204 CXII
291 2174 367 2205 hab.
387 2173 420 2203 R
551 2183 571 2202 2
595 2172 704 2213 nunc]
723 2173 801 2202 dum
821 2171 870 2202 CA

126 2217 288 2291 omOEgaH
316 2228 330 2248 1
356 2217 527 2256 quondam
545 2227 630 2256 puer
645 2216 701 2246 ΒΑ
812 2225 831 2254 5
857 2214 984 2255 Pollio]
1001 2214 1126 2254 lopolio
1143 2213 1199 2243 ΒΑ
1319 2214 1339 2243 6
1363 2213 1463 2251 nugis

171 2304 284 2335 CXIV
300 2313 319 2342 5
334 2308 368 2335 et
383 2304 529 2344 Stygias,
549 2303 612 2334 sed
629 2303 708 2334 dum
725 2303 835 2333 suerat
853 2303 929 2343 (pro
941 2311 1009 2332 -ras
1021 2301 1049 2337 ,9)
1068 2305 1165 2340 pater
1182 2301 1232 2331 ire
1249 2300 1312 2330 sub
1330 2299 1464 2329 umbras

127 2348 182 2378 BA
196 2360 204 2379 τ
223 2349 265 2379 ad
283 2348 421 2388 Stygias
437 2358 583 2387 aequum
599 2347 710 2378 fuerat
723 2352 820 2387 pater
836 2346 919 2376 isset
937 2350 972 2375 ut
986 2345 1120 2375 umbras
1136 2344 1184 2375 CA
1255 2345 1276 2373 6
1291 2343 1378 2374 uiuit
1389 2343 1463 2374 Ital.

172 2391 267 2422 CXV
289 2392 366 2422 hab.
391 2391 420 2422 T
560 2401 580 2421 2
605 2391 688 2426 loto]
708 2395 779 2421 toto
797 2390 905 2420 BACA
922 2389 964 2427 <T
974 2393 1036 2429 pro
1053 2388 1095 2429 L)
1229 2398 1248 2426 4
1272 2387 1332 2418 sed
1350 2397 1412 2417 om.
1439 2387 1467 2416 T

129 2436 298 2475 quendam
316 2435 376 2464 ΑΑ
393 2447 400 2466 2
424 2435 591 2474 quandam
610 2434 718 2465 ΒΑΕΔ
851 2443 868 2473 7
893 2433 982 2463 uiuis
1002 2432 1051 2464 CA
