<?xml version="1.0" encoding="UTF-8"?>
<!DOCTYPE html PUBLIC "-//W3C//DTD XHTML 1.0 Transitional//EN"
    "http://www.w3.org/TR/xhtml1/DTD/xhtml1-transitional.dtd">
<html xmlns="http://www.w3.org/1999/xhtml" xml:lang="en" lang="en">
 <head>
  <title>
</title>
<meta http-equiv="Content-Type" content="text/html;charset=utf-8" />
  <meta name='ocr-system' content='tesseract 3.04.00' />
  <meta name='ocr-capabilities' content='ocr_page ocr_carea ocr_par ocr_line ocrx_word'/>
</head>
<body>
  <div class='ocr_page' id='page_1' title='image "./epigrammatasele00martuoft_0143.png"; bbox 0 0 1648 2729; ppageno 0'>
   <div class='ocr_carea' id='block_1_1' title="bbox 748 117 1444 157">
    <p class='ocr_par' dir='ltr' id='par_1_1' title="bbox 748 117 1444 157">
     <span class='ocr_line' id='line_1_1' title="bbox 748 117 1444 157; baseline 0 0"><span class='ocrx_word' id='word_1_1' title='bbox 748 117 1218 157; x_wconf 79' lang='lat' dir='ltr'><strong>EPIGRAMMATON</strong></span> <span class='ocrx_word' id='word_1_2' title='bbox 1249 119 1353 156; x_wconf 90' lang='lat' dir='ltr'><strong>LIB.</strong></span> <span class='ocrx_word' id='word_1_3' title='bbox 1384 119 1444 157; x_wconf 92' lang='lat' dir='ltr'>VI</span> 
     </span>
    </p>
   </div>
   <div class='ocr_carea' id='block_1_2' title="bbox 213 230 1076 476">
    <p class='ocr_par' dir='ltr' id='par_1_2' title="bbox 213 230 785 281">
     <span class='ocr_line' id='line_1_2' title="bbox 213 230 785 281; baseline -0.003 -11"><span class='ocrx_word' id='word_1_4' title='bbox 213 239 252 270; x_wconf 89' lang='lat' dir='ltr'>et</span> <span class='ocrx_word' id='word_1_5' title='bbox 280 230 449 281; x_wconf 84' lang='lat' dir='ltr'>periuria</span> <span class='ocrx_word' id='word_1_6' title='bbox 478 230 617 269; x_wconf 90' lang='lat' dir='ltr'>Punici</span> <span class='ocrx_word' id='word_1_7' title='bbox 646 230 785 269; x_wconf 92' lang='lat' dir='ltr'>furoris</span> 
     </span>
    </p>

    <p class='ocr_par' dir='ltr' id='par_1_3' title="bbox 214 295 1076 476">
     <span class='ocr_line' id='line_1_3' title="bbox 214 295 940 346; baseline -0.001 -11"><span class='ocrx_word' id='word_1_8' title='bbox 214 305 252 335; x_wconf 85' lang='lat' dir='ltr'>et</span> <span class='ocrx_word' id='word_1_9' title='bbox 282 298 408 335; x_wconf 84' lang='lat' dir='ltr'>Sullas</span> <span class='ocrx_word' id='word_1_10' title='bbox 439 295 669 346; x_wconf 88' lang='lat' dir='ltr'>Mariosque</span> <span class='ocrx_word' id='word_1_11' title='bbox 700 295 940 346; x_wconf 84' lang='lat' dir='ltr'>Muciosque</span> 
     </span>
     <span class='ocr_line' id='line_1_4' title="bbox 214 367 983 412; baseline 0 -13"><span class='ocrx_word' id='word_1_12' title='bbox 214 375 356 412; x_wconf 89' lang='lat' dir='ltr'>magna</span> <span class='ocrx_word' id='word_1_13' title='bbox 384 374 482 400; x_wconf 86' lang='lat' dir='ltr'>voce</span> <span class='ocrx_word' id='word_1_14' title='bbox 512 374 630 400; x_wconf 88' lang='lat' dir='ltr'>sonas</span> <span class='ocrx_word' id='word_1_15' title='bbox 659 374 861 411; x_wconf 89' lang='lat' dir='ltr'>manuque</span> <span class='ocrx_word' id='word_1_16' title='bbox 890 367 983 399; x_wconf 89' lang='lat' dir='ltr'>tota.</span> 
     </span>
     <span class='ocr_line' id='line_1_5' title="bbox 214 425 1076 476; baseline -0.001 -11"><span class='ocrx_word' id='word_1_17' title='bbox 214 428 300 465; x_wconf 87' lang='lat' dir='ltr'>Iam</span> <span class='ocrx_word' id='word_1_18' title='bbox 331 426 407 474; x_wconf 89' lang='lat' dir='ltr'>dic,</span> <span class='ocrx_word' id='word_1_19' title='bbox 438 428 639 474; x_wconf 82' lang='lat' dir='ltr'>Postume,</span> <span class='ocrx_word' id='word_1_20' title='bbox 670 427 721 465; x_wconf 91' lang='lat' dir='ltr'>de</span> <span class='ocrx_word' id='word_1_21' title='bbox 751 426 874 464; x_wconf 88' lang='lat' dir='ltr'>tribus</span> <span class='ocrx_word' id='word_1_22' title='bbox 904 425 1076 476; x_wconf 82' lang='lat' dir='ltr'>capellis,</span> 
     </span>
    </p>
   </div>
   <div class='ocr_carea' id='block_1_3' title="bbox 630 516 707 552">
    <p class='ocr_par' dir='ltr' id='par_1_4' title="bbox 630 516 707 552">
     <span class='ocr_line' id='line_1_6' title="bbox 630 516 707 552; baseline 0 0"><span class='ocrx_word' id='word_1_23' title='bbox 630 516 707 552; x_wconf 89' lang='lat' dir='ltr'>XX</span> 
     </span>
    </p>
   </div>
   <div class='ocr_carea' id='block_1_4' title="bbox 103 584 1254 832">
    <p class='ocr_par' dir='ltr' id='par_1_5' title="bbox 107 584 1108 635">
     <span class='ocr_line' id='line_1_7' title="bbox 107 584 1108 635; baseline -0.002 -11"><span class='ocrx_word' id='word_1_24' title='bbox 107 587 250 624; x_wconf 87' lang='lat' dir='ltr'>Mutua</span> <span class='ocrx_word' id='word_1_25' title='bbox 279 593 317 624; x_wconf 87' lang='lat' dir='ltr'>te</span> <span class='ocrx_word' id='word_1_26' title='bbox 346 594 508 624; x_wconf 90' lang='lat' dir='ltr'>centum</span> <span class='ocrx_word' id='word_1_27' title='bbox 537 585 725 632; x_wconf 66' lang='lat' dir='ltr'>sestertia„</span> <span class='ocrx_word' id='word_1_28' title='bbox 758 585 934 632; x_wconf 81' lang='lat' dir='ltr'>Phoebe,</span> <span class='ocrx_word' id='word_1_29' title='bbox 965 584 1108 635; x_wconf 88' lang='lat' dir='ltr'>rogavi,</span> 
     </span>
    </p>

    <p class='ocr_par' dir='ltr' id='par_1_6' title="bbox 103 650 1058 767">
     <span class='ocr_line' id='line_1_8' title="bbox 159 650 1058 701; baseline -0.002 -11"><span class='ocrx_word' id='word_1_30' title='bbox 159 665 250 690; x_wconf 89' lang='lat' dir='ltr'>cum</span> <span class='ocrx_word' id='word_1_31' title='bbox 281 651 377 689; x_wconf 89' lang='lat' dir='ltr'>mihi</span> <span class='ocrx_word' id='word_1_32' title='bbox 407 651 572 690; x_wconf 79' lang='lat' dir='ltr'>dixisses</span> <span class='ocrx_word' id='word_1_33' title='bbox 605 650 759 701; x_wconf 85' lang='lat' dir='ltr'>‘Exigis</span> <span class='ocrx_word' id='word_1_34' title='bbox 789 664 881 701; x_wconf 87' lang='lat' dir='ltr'>ergo</span> <span class='ocrx_word' id='word_1_35' title='bbox 911 650 1058 688; x_wconf 88' lang='lat' dir='ltr'>nihil?&#39;</span> 
     </span>
     <span class='ocr_line' id='line_1_9' title="bbox 103 715 1052 767; baseline -0.001 -12"><span class='ocrx_word' id='word_1_36' title='bbox 103 716 278 767; x_wconf 84' lang='lat' dir='ltr'>inquiris,</span> <span class='ocrx_word' id='word_1_37' title='bbox 310 716 478 763; x_wconf 82' lang='lat' dir='ltr'>dubitas,</span> <span class='ocrx_word' id='word_1_38' title='bbox 511 715 706 755; x_wconf 88' lang='lat' dir='ltr'>cunctaris</span> <span class='ocrx_word' id='word_1_39' title='bbox 737 730 882 766; x_wconf 86' lang='lat' dir='ltr'>meque</span> <span class='ocrx_word' id='word_1_40' title='bbox 911 715 1052 754; x_wconf 89' lang='lat' dir='ltr'>diebus</span> 
     </span>
    </p>

    <p class='ocr_par' dir='ltr' id='par_1_7' title="bbox 158 781 1254 832">
     <span class='ocr_line' id='line_1_10' title="bbox 158 781 1254 832; baseline -0.003 -11"><span class='ocrx_word' id='word_1_41' title='bbox 158 791 277 832; x_wconf 88' lang='lat' dir='ltr'>teque</span> <span class='ocrx_word' id='word_1_42' title='bbox 305 783 445 820; x_wconf 88' lang='lat' dir='ltr'>decem</span> <span class='ocrx_word' id='word_1_43' title='bbox 475 781 651 820; x_wconf 81' lang='lat' dir='ltr'>crucias:</span> <span class='ocrx_word' id='word_1_44' title='bbox 690 781 768 819; x_wconf 87' lang='lat' dir='ltr'>iam</span> <span class='ocrx_word' id='word_1_45' title='bbox 798 795 904 831; x_wconf 89' lang='lat' dir='ltr'>rogo,</span> <span class='ocrx_word' id='word_1_46' title='bbox 937 781 1112 828; x_wconf 78' lang='lat' dir='ltr'>Phoebe,</span> <span class='ocrx_word' id='word_1_47' title='bbox 1143 793 1254 830; x_wconf 89' lang='lat' dir='ltr'>nega.</span> 
     </span>
    </p>
   </div>
   <div class='ocr_carea' id='block_1_5' title="bbox 590 864 732 901">
    <p class='ocr_par' dir='ltr' id='par_1_8' title="bbox 590 864 732 901">
     <span class='ocr_line' id='line_1_11' title="bbox 590 864 732 901; baseline -0.007 -1"><span class='ocrx_word' id='word_1_48' title='bbox 590 864 732 901; x_wconf 89' lang='lat' dir='ltr'>XXIV</span> 
     </span>
    </p>
   </div>
   <div class='ocr_carea' id='block_1_6' title="bbox 213 933 887 1049">
    <p class='ocr_par' dir='ltr' id='par_1_9' title="bbox 213 933 887 1049">
     <span class='ocr_line' id='line_1_12' title="bbox 214 933 867 973; baseline -0.003 0"><span class='ocrx_word' id='word_1_49' title='bbox 214 935 281 973; x_wconf 94' lang='lat' dir='ltr'>Nil</span> <span class='ocrx_word' id='word_1_50' title='bbox 310 934 492 973; x_wconf 68' lang='lat' dir='ltr'>lascivius</span> <span class='ocrx_word' id='word_1_51' title='bbox 521 942 580 972; x_wconf 89' lang='lat' dir='ltr'>est</span> <span class='ocrx_word' id='word_1_52' title='bbox 610 933 867 973; x_wconf 81' lang='lat' dir='ltr'>Charisiano:</span> 
     </span>
     <span class='ocr_line' id='line_1_13' title="bbox 213 999 887 1049; baseline -0.003 -11"><span class='ocrx_word' id='word_1_53' title='bbox 213 1000 485 1039; x_wconf 80' lang='lat' dir='ltr'>Saturnalibus</span> <span class='ocrx_word' id='word_1_54' title='bbox 513 999 691 1037; x_wconf 84' lang='lat' dir='ltr'>ambulat</span> <span class='ocrx_word' id='word_1_55' title='bbox 720 1006 887 1049; x_wconf 88' lang='lat' dir='ltr'>togatus.</span> 
     </span>
    </p>
   </div>
   <div class='ocr_carea' id='block_1_7' title="bbox 607 1082 724 1119">
    <p class='ocr_par' dir='ltr' id='par_1_10' title="bbox 607 1082 724 1119">
     <span class='ocr_line' id='line_1_14' title="bbox 607 1082 724 1119; baseline -0.017 0"><span class='ocrx_word' id='word_1_56' title='bbox 607 1082 724 1119; x_wconf 90' lang='lat' dir='ltr'>XXV</span> 
     </span>
    </p>
   </div>
   <div class='ocr_carea' id='block_1_8' title="bbox 105 1149 1450 2134">
    <p class='ocr_par' dir='ltr' id='par_1_11' title="bbox 105 1149 1450 2134">
     <span class='ocr_line' id='line_1_15' title="bbox 107 1149 1063 1201; baseline -0.004 -9"><span class='ocrx_word' id='word_1_57' title='bbox 107 1153 349 1201; x_wconf 79' lang='lat' dir='ltr'>Marcelline,</span> <span class='ocrx_word' id='word_1_58' title='bbox 381 1152 477 1191; x_wconf 87' lang='lat' dir='ltr'>boni</span> <span class='ocrx_word' id='word_1_59' title='bbox 507 1152 668 1190; x_wconf 89' lang='lat' dir='ltr'>suboles</span> <span class='ocrx_word' id='word_1_60' title='bbox 697 1151 849 1189; x_wconf 86' lang='lat' dir='ltr'>sincera</span> <span class='ocrx_word' id='word_1_61' title='bbox 878 1149 1063 1201; x_wconf 87' lang='lat' dir='ltr'>parentis,</span> 
     </span>
     <span class='ocr_line' id='line_1_16' title="bbox 158 1215 1078 1267; baseline -0.004 -10"><span class='ocrx_word' id='word_1_62' title='bbox 158 1218 317 1258; x_wconf 88' lang='lat' dir='ltr'>horrida</span> <span class='ocrx_word' id='word_1_63' title='bbox 346 1217 553 1256; x_wconf 87' lang='lat' dir='ltr'>Parrhasio</span> <span class='ocrx_word' id='word_1_64' title='bbox 582 1230 702 1267; x_wconf 86' lang='lat' dir='ltr'>quem</span> <span class='ocrx_word' id='word_1_65' title='bbox 732 1216 827 1266; x_wconf 88' lang='lat' dir='ltr'>tegit</span> <span class='ocrx_word' id='word_1_66' title='bbox 856 1229 945 1254; x_wconf 86' lang='lat' dir='ltr'>ursa</span> <span class='ocrx_word' id='word_1_67' title='bbox 973 1215 1078 1265; x_wconf 89' lang='lat' dir='ltr'>iugo,</span> 
     </span>
     <span class='ocr_line' id='line_1_17' title="bbox 105 1280 1184 1334; baseline -0.005 -11"><span class='ocrx_word' id='word_1_68' title='bbox 105 1285 170 1324; x_wconf 89' lang='lat' dir='ltr'>ille</span> <span class='ocrx_word' id='word_1_69' title='bbox 197 1292 310 1323; x_wconf 87' lang='lat' dir='ltr'>vetus</span> <span class='ocrx_word' id='word_1_70' title='bbox 339 1297 410 1334; x_wconf 91' lang='lat' dir='ltr'>pro</span> <span class='ocrx_word' id='word_1_71' title='bbox 440 1291 478 1322; x_wconf 82' lang='lat' dir='ltr'>te</span> <span class='ocrx_word' id='word_1_72' title='bbox 507 1282 738 1333; x_wconf 88' lang='lat' dir='ltr'>patriusque</span> <span class='ocrx_word' id='word_1_73' title='bbox 766 1281 863 1331; x_wconf 89' lang='lat' dir='ltr'>quid</span> <span class='ocrx_word' id='word_1_74' title='bbox 892 1289 1003 1331; x_wconf 86' lang='lat' dir='ltr'>optet</span> <span class='ocrx_word' id='word_1_75' title='bbox 1031 1280 1184 1319; x_wconf 89' lang='lat' dir='ltr'>amicus</span> 
     </span>
     <span class='ocr_line' id='line_1_18' title="bbox 157 1346 1138 1400; baseline -0.005 -12"><span class='ocrx_word' id='word_1_76' title='bbox 157 1349 295 1400; x_wconf 87' lang='lat' dir='ltr'>accipe</span> <span class='ocrx_word' id='word_1_77' title='bbox 323 1357 362 1387; x_wconf 90' lang='lat' dir='ltr'>et</span> <span class='ocrx_word' id='word_1_78' title='bbox 391 1350 490 1387; x_wconf 88' lang='lat' dir='ltr'>haec</span> <span class='ocrx_word' id='word_1_79' title='bbox 518 1346 685 1386; x_wconf 88' lang='lat' dir='ltr'>memori</span> <span class='ocrx_word' id='word_1_80' title='bbox 714 1354 875 1397; x_wconf 87' lang='lat' dir='ltr'>pectore</span> <span class='ocrx_word' id='word_1_81' title='bbox 902 1353 995 1384; x_wconf 80' lang='lat' dir='ltr'>vota</span> <span class='ocrx_word' id='word_1_82' title='bbox 1023 1354 1138 1384; x_wconf 86' lang='lat' dir='ltr'>tene:</span> 
     </span>
     <span class='ocr_line' id='line_1_19' title="bbox 105 1411 1094 1454; baseline -0.006 0"><span class='ocrx_word' id='word_1_83' title='bbox 105 1423 221 1454; x_wconf 85' lang='lat' dir='ltr'>cauta</span> <span class='ocrx_word' id='word_1_84' title='bbox 249 1414 299 1453; x_wconf 87' lang='lat' dir='ltr'>sit</span> <span class='ocrx_word' id='word_1_85' title='bbox 326 1422 369 1453; x_wconf 93' lang='lat' dir='ltr'>ut</span> <span class='ocrx_word' id='word_1_86' title='bbox 398 1413 519 1451; x_wconf 80' lang='lat' dir='ltr'>virtus</span> <span class='ocrx_word' id='word_1_87' title='bbox 548 1426 623 1451; x_wconf 90' lang='lat' dir='ltr'>nec</span> <span class='ocrx_word' id='word_1_88' title='bbox 652 1421 690 1451; x_wconf 83' lang='lat' dir='ltr'>te</span> <span class='ocrx_word' id='word_1_89' title='bbox 719 1411 948 1450; x_wconf 85' lang='lat' dir='ltr'>temerarius</span> <span class='ocrx_word' id='word_1_90' title='bbox 977 1412 1094 1449; x_wconf 86' lang='lat' dir='ltr'>ardor</span> 
     </span>
     <span class='ocr_line' id='line_1_20' title="bbox 159 1478 991 1528; baseline -0.006 -9"><span class='ocrx_word' id='word_1_91' title='bbox 159 1481 198 1519; x_wconf 91' lang='lat' dir='ltr'>in</span> <span class='ocrx_word' id='word_1_92' title='bbox 228 1480 383 1518; x_wconf 87' lang='lat' dir='ltr'>medios</span> <span class='ocrx_word' id='word_1_93' title='bbox 411 1492 526 1518; x_wconf 89' lang='lat' dir='ltr'>enses</span> <span class='ocrx_word' id='word_1_94' title='bbox 554 1491 750 1528; x_wconf 88' lang='lat' dir='ltr'>saevaque</span> <span class='ocrx_word' id='word_1_95' title='bbox 779 1479 856 1516; x_wconf 83' lang='lat' dir='ltr'>tela</span> <span class='ocrx_word' id='word_1_96' title='bbox 884 1478 991 1515; x_wconf 64' lang='lat' dir='ltr'>ferat„</span> 
     </span>
     <span class='ocr_line' id='line_1_21' title="bbox 105 1541 1192 1594; baseline -0.006 -9"><span class='ocrx_word' id='word_1_97' title='bbox 105 1547 210 1585; x_wconf 89' lang='lat' dir='ltr'>bella</span> <span class='ocrx_word' id='word_1_98' title='bbox 237 1545 359 1584; x_wconf 86' lang='lat' dir='ltr'>velint</span> <span class='ocrx_word' id='word_1_99' title='bbox 389 1546 642 1594; x_wconf 87' lang='lat' dir='ltr'>Martemque</span> <span class='ocrx_word' id='word_1_100' title='bbox 670 1545 796 1582; x_wconf 88' lang='lat' dir='ltr'>ferum</span> <span class='ocrx_word' id='word_1_101' title='bbox 827 1541 989 1580; x_wconf 85' lang='lat' dir='ltr'>rationis</span> <span class='ocrx_word' id='word_1_102' title='bbox 1020 1550 1192 1592; x_wconf 82' lang='lat' dir='ltr'>egentes,</span> 
     </span>
     <span class='ocr_line' id='line_1_22' title="bbox 159 1604 1038 1659; baseline -0.005 -12"><span class='ocrx_word' id='word_1_103' title='bbox 159 1618 201 1647; x_wconf 88' lang='lat' dir='ltr'>tu</span> <span class='ocrx_word' id='word_1_104' title='bbox 230 1617 344 1659; x_wconf 91' lang='lat' dir='ltr'>potes</span> <span class='ocrx_word' id='word_1_105' title='bbox 372 1615 411 1646; x_wconf 88' lang='lat' dir='ltr'>et</span> <span class='ocrx_word' id='word_1_106' title='bbox 439 1606 560 1658; x_wconf 88' lang='lat' dir='ltr'>patris</span> <span class='ocrx_word' id='word_1_107' title='bbox 589 1606 701 1644; x_wconf 88' lang='lat' dir='ltr'>miles</span> <span class='ocrx_word' id='word_1_108' title='bbox 731 1613 769 1644; x_wconf 91' lang='lat' dir='ltr'>et</span> <span class='ocrx_word' id='word_1_109' title='bbox 799 1619 885 1644; x_wconf 91' lang='lat' dir='ltr'>esse</span> <span class='ocrx_word' id='word_1_110' title='bbox 913 1604 1038 1644; x_wconf 90' lang='lat' dir='ltr'>ducis.</span> 
     </span>
     <span class='ocr_line' id='line_1_23' title="bbox 585 1685 750 1721; baseline 0 0"><span class='ocrx_word' id='word_1_111' title='bbox 585 1685 750 1721; x_wconf 89' lang='lat' dir='ltr'>XXVII</span> 
     </span>
     <span class='ocr_line' id='line_1_24' title="bbox 107 1751 1296 1806; baseline -0.006 -10"><span class='ocrx_word' id='word_1_112' title='bbox 107 1757 175 1796; x_wconf 88' lang='lat' dir='ltr'>Bis</span> <span class='ocrx_word' id='word_1_113' title='bbox 203 1756 333 1795; x_wconf 91' lang='lat' dir='ltr'>vicine</span> <span class='ocrx_word' id='word_1_114' title='bbox 362 1757 651 1806; x_wconf 85' lang='lat' dir='ltr'>Nepos—nam</span> <span class='ocrx_word' id='word_1_115' title='bbox 681 1763 723 1793; x_wconf 77' lang='lat' dir='ltr'>tu</span> <span class='ocrx_word' id='word_1_116' title='bbox 753 1767 917 1804; x_wconf 87' lang='lat' dir='ltr'>quoque</span> <span class='ocrx_word' id='word_1_117' title='bbox 945 1751 1125 1802; x_wconf 81' lang='lat' dir='ltr'>proxima</span> <span class='ocrx_word' id='word_1_118' title='bbox 1155 1753 1296 1790; x_wconf 84' lang='lat' dir='ltr'>Florae</span> 
     </span>
     <span class='ocr_line' id='line_1_25' title="bbox 158 1818 1057 1870; baseline -0.007 -9"><span class='ocrx_word' id='word_1_119' title='bbox 158 1821 299 1861; x_wconf 89' lang='lat' dir='ltr'>incolis</span> <span class='ocrx_word' id='word_1_120' title='bbox 327 1829 367 1860; x_wconf 88' lang='lat' dir='ltr'>et</span> <span class='ocrx_word' id='word_1_121' title='bbox 394 1829 545 1859; x_wconf 84' lang='lat' dir='ltr'>veteres</span> <span class='ocrx_word' id='word_1_122' title='bbox 574 1829 615 1858; x_wconf 87' lang='lat' dir='ltr'>tu</span> <span class='ocrx_word' id='word_1_123' title='bbox 646 1833 806 1870; x_wconf 87' lang='lat' dir='ltr'>quoque</span> <span class='ocrx_word' id='word_1_124' title='bbox 836 1818 1057 1857; x_wconf 87' lang='lat' dir='ltr'>Ficelias—</span> 
     </span>
     <span class='ocr_line' id='line_1_26' title="bbox 105 1883 1135 1937; baseline -0.006 -11"><span class='ocrx_word' id='word_1_125' title='bbox 105 1895 164 1927; x_wconf 89' lang='lat' dir='ltr'>est</span> <span class='ocrx_word' id='word_1_126' title='bbox 192 1887 275 1934; x_wconf 90' lang='lat' dir='ltr'>tibi,</span> <span class='ocrx_word' id='word_1_127' title='bbox 308 1899 410 1937; x_wconf 87' lang='lat' dir='ltr'>quae</span> <span class='ocrx_word' id='word_1_128' title='bbox 438 1885 562 1936; x_wconf 85' lang='lat' dir='ltr'>patria</span> <span class='ocrx_word' id='word_1_129' title='bbox 591 1885 766 1935; x_wconf 87' lang='lat' dir='ltr'>signatur</span> <span class='ocrx_word' id='word_1_130' title='bbox 793 1883 966 1934; x_wconf 84' lang='lat' dir='ltr'>imagine</span> <span class='ocrx_word' id='word_1_131' title='bbox 993 1884 1135 1929; x_wconf 80' lang='lat' dir='ltr'>voltus,</span> 
     </span>
     <span class='ocr_line' id='line_1_27' title="bbox 160 1950 876 2001; baseline -0.007 -9"><span class='ocrx_word' id='word_1_132' title='bbox 160 1953 270 1992; x_wconf 86' lang='lat' dir='ltr'>testis</span> <span class='ocrx_word' id='word_1_133' title='bbox 300 1960 500 1991; x_wconf 84' lang='lat' dir='ltr'>maternae</span> <span class='ocrx_word' id='word_1_134' title='bbox 529 1959 622 1989; x_wconf 90' lang='lat' dir='ltr'>nata</span> <span class='ocrx_word' id='word_1_135' title='bbox 650 1950 876 2001; x_wconf 87' lang='lat' dir='ltr'>pudicitiae.</span> 
     </span>
     <span class='ocr_line' id='line_1_28' title="bbox 106 2014 1450 2064; baseline -0.007 -7"><span class='ocrx_word' id='word_1_136' title='bbox 106 2027 148 2057; x_wconf 88' lang='lat' dir='ltr'>tu</span> <span class='ocrx_word' id='word_1_137' title='bbox 177 2026 310 2056; x_wconf 88' lang='lat' dir='ltr'>tamen</span> <span class='ocrx_word' id='word_1_138' title='bbox 339 2030 493 2056; x_wconf 89' lang='lat' dir='ltr'>annoso</span> <span class='ocrx_word' id='word_1_139' title='bbox 523 2015 690 2054; x_wconf 86' lang='lat' dir='ltr'>nimium</span> <span class='ocrx_word' id='word_1_140' title='bbox 720 2029 771 2053; x_wconf 92' lang='lat' dir='ltr'>ne</span> <span class='ocrx_word' id='word_1_141' title='bbox 799 2027 917 2064; x_wconf 88' lang='lat' dir='ltr'>parce</span> <span class='ocrx_word' id='word_1_142' title='bbox 947 2014 1126 2060; x_wconf 87' lang='lat' dir='ltr'>Falerno,</span> <span class='ocrx_word' id='word_1_143' title='bbox 1433 2028 1450 2059; x_wconf 91' lang='lat'>5</span> 
     </span>
     <span class='ocr_line' id='line_1_29' title="bbox 161 2080 1013 2134; baseline -0.006 -12"><span class='ocrx_word' id='word_1_144' title='bbox 161 2091 199 2122; x_wconf 85' lang='lat' dir='ltr'>et</span> <span class='ocrx_word' id='word_1_145' title='bbox 227 2082 358 2134; x_wconf 86' lang='lat' dir='ltr'>potius</span> <span class='ocrx_word' id='word_1_146' title='bbox 386 2084 526 2132; x_wconf 91' lang='lat' dir='ltr'>plenos</span> <span class='ocrx_word' id='word_1_147' title='bbox 555 2094 644 2120; x_wconf 89' lang='lat' dir='ltr'>aere</span> <span class='ocrx_word' id='word_1_148' title='bbox 672 2080 851 2130; x_wconf 86' lang='lat' dir='ltr'>relinque</span> <span class='ocrx_word' id='word_1_149' title='bbox 879 2080 1013 2117; x_wconf 88' lang='lat' dir='ltr'>cados.</span> 
     </span>
    </p>
   </div>
   <div class='ocr_carea' id='block_1_9' title="bbox 108 2187 1452 2484">
    <p class='ocr_par' dir='ltr' id='par_1_12' title="bbox 108 2187 1452 2484">
     <span class='ocr_line' id='line_1_30' title="bbox 153 2187 499 2227; baseline -0.006 -9"><span class='ocrx_word' id='word_1_150' title='bbox 153 2198 170 2226; x_wconf 88' lang='lat'><em>7</em></span> <span class='ocrx_word' id='word_1_151' title='bbox 195 2187 301 2227; x_wconf 86' lang='lat' dir='ltr'>syllas</span> <span class='ocrx_word' id='word_1_152' title='bbox 316 2187 371 2217; x_wconf 80' lang='grc' dir='ltr'>ΒΑ</span> <span class='ocrx_word' id='word_1_153' title='bbox 494 2222 499 2227; x_wconf 44' lang='lat'><strong><em>¹</em></strong></span> 
     </span>
     <span class='ocr_line' id='line_1_31' title="bbox 153 2225 1050 2269; baseline -0.008 -7"><span class='ocrx_word' id='word_1_154' title='bbox 153 2231 221 2262; x_wconf 89' lang='lat' dir='ltr'>XX</span> <span class='ocrx_word' id='word_1_155' title='bbox 245 2231 318 2262; x_wconf 77' lang='lat' dir='ltr'>hab.</span> <span class='ocrx_word' id='word_1_156' title='bbox 343 2230 374 2261; x_wconf 91' lang='lat' dir='ltr'><em>T</em></span> <span class='ocrx_word' id='word_1_157' title='bbox 467 2241 486 2268; x_wconf 87' lang='lat'>4</span> <span class='ocrx_word' id='word_1_158' title='bbox 510 2235 612 2269; x_wconf 87' lang='lat' dir='ltr'>teque</span> <span class='ocrx_word' id='word_1_159' title='bbox 641 2229 777 2269; x_wconf 89' lang='lat' dir='ltr'>decem]</span> <span class='ocrx_word' id='word_1_160' title='bbox 804 2232 836 2258; x_wconf 92' lang='lat' dir='ltr'>te</span> <span class='ocrx_word' id='word_1_161' title='bbox 861 2226 996 2266; x_wconf 89' lang='lat' dir='ltr'>quidem</span> <span class='ocrx_word' id='word_1_162' title='bbox 1020 2225 1050 2256; x_wconf 88' lang='lat' dir='ltr'><em>T</em></span> 
     </span>
     <span class='ocr_line' id='line_1_32' title="bbox 152 2268 1452 2309; baseline -0.006 -4"><span class='ocrx_word' id='word_1_163' title='bbox 152 2275 252 2305; x_wconf 91' lang='lat' dir='ltr'>XXV</span> <span class='ocrx_word' id='word_1_164' title='bbox 275 2274 349 2305; x_wconf 74' lang='lat' dir='ltr'>hab.</span> <span class='ocrx_word' id='word_1_165' title='bbox 374 2273 405 2303; x_wconf 90' lang='lat' dir='ltr'><em>T</em></span> <span class='ocrx_word' id='word_1_166' title='bbox 470 2284 482 2304; x_wconf 90' lang='lat'>1</span> <span class='ocrx_word' id='word_1_167' title='bbox 502 2273 637 2304; x_wconf 88' lang='lat' dir='ltr'>soboles</span> <span class='ocrx_word' id='word_1_168' title='bbox 655 2272 743 2303; x_wconf 84' lang='lat' dir='ltr'>codd.</span> <span class='ocrx_word' id='word_1_169' title='bbox 763 2274 799 2301; x_wconf 84' lang='lat' dir='ltr'>ut</span> <span class='ocrx_word' id='word_1_170' title='bbox 814 2270 876 2302; x_wconf 83' lang='lat' dir='ltr'>vid.</span> <span class='ocrx_word' id='word_1_171' title='bbox 946 2280 965 2299; x_wconf 86' lang='lat'>2</span> <span class='ocrx_word' id='word_1_172' title='bbox 990 2274 1082 2308; x_wconf 88' lang='lat' dir='ltr'>teget</span> <span class='ocrx_word' id='word_1_173' title='bbox 1099 2269 1199 2309; x_wconf 53' lang='lat' dir='ltr'>Tote.</span> <span class='ocrx_word' id='word_1_174' title='bbox 1214 2268 1298 2307; x_wconf 88' lang='lat' dir='ltr'>tegit</span> <span class='ocrx_word' id='word_1_175' title='bbox 1310 2268 1348 2308; x_wconf 69' lang='grc' dir='ltr'>ἶ),</span> <span class='ocrx_word' id='word_1_176' title='bbox 1365 2268 1452 2299; x_wconf 68' lang='lat' dir='ltr'>unde</span> 
     </span>
     <span class='ocr_line' id='line_1_33' title="bbox 108 2311 1450 2356; baseline -0.006 -7"><span class='ocrx_word' id='word_1_177' title='bbox 108 2324 201 2350; x_wconf 88' lang='lat' dir='ltr'>tenet</span> <span class='ocrx_word' id='word_1_178' title='bbox 218 2317 440 2349; x_wconf 72' lang='lat' dir='ltr'>Schneideun&#39;n</span> <span class='ocrx_word' id='word_1_179' title='bbox 528 2318 609 2356; x_wconf 87' lang='lat' dir='ltr'>iuga</span> <span class='ocrx_word' id='word_1_180' title='bbox 627 2317 675 2347; x_wconf 69' lang='lat' dir='ltr'>CA</span> <span class='ocrx_word' id='word_1_181' title='bbox 693 2319 730 2346; x_wconf 83' lang='lat' dir='ltr'>ut</span> <span class='ocrx_word' id='word_1_182' title='bbox 744 2315 809 2346; x_wconf 83' lang='lat' dir='ltr'>vid.</span> <span class='ocrx_word' id='word_1_183' title='bbox 905 2324 922 2352; x_wconf 86' lang='lat'><strong>7</strong></span> <span class='ocrx_word' id='word_1_184' title='bbox 948 2318 1160 2352; x_wconf 85' lang='lat' dir='ltr'>mortemque</span> <span class='ocrx_word' id='word_1_185' title='bbox 1183 2311 1213 2342; x_wconf 91' lang='lat' dir='ltr'><em>T</em></span> <span class='ocrx_word' id='word_1_186' title='bbox 1298 2312 1318 2342; x_wconf 85' lang='lat'><em>8</em></span> <span class='ocrx_word' id='word_1_187' title='bbox 1343 2312 1450 2351; x_wconf 86' lang='lat' dir='ltr'>patris</span> 
     </span>
     <span class='ocr_line' id='line_1_34' title="bbox 108 2361 465 2401; baseline -0.003 -10"><span class='ocrx_word' id='word_1_188' title='bbox 108 2362 220 2392; x_wconf 66' lang='lat' dir='ltr'>AACA</span> <span class='ocrx_word' id='word_1_189' title='bbox 237 2374 244 2392; x_wconf 72' lang='grc' dir='ltr'>ε</span> <span class='ocrx_word' id='word_1_190' title='bbox 268 2362 396 2401; x_wconf 86' lang='lat' dir='ltr'>patriae</span> <span class='ocrx_word' id='word_1_191' title='bbox 412 2361 465 2391; x_wconf 81' lang='grc' dir='ltr'>ΒΑ</span> 
     </span>
     <span class='ocr_line' id='line_1_35' title="bbox 153 2400 1070 2443; baseline -0.008 -7"><span class='ocrx_word' id='word_1_192' title='bbox 153 2404 288 2436; x_wconf 89' lang='lat' dir='ltr'>XXVII</span> <span class='ocrx_word' id='word_1_193' title='bbox 313 2416 332 2435; x_wconf 93' lang='lat'><strong>2</strong></span> <span class='ocrx_word' id='word_1_194' title='bbox 356 2405 486 2436; x_wconf 85' lang='lat' dir='ltr'>ficetias</span> <span class='ocrx_word' id='word_1_195' title='bbox 506 2404 552 2435; x_wconf 72' lang='lat' dir='ltr'>CA</span> <span class='ocrx_word' id='word_1_196' title='bbox 571 2415 578 2435; x_wconf 91' lang='lat'>:</span> <span class='ocrx_word' id='word_1_197' title='bbox 604 2403 759 2434; x_wconf 83' lang='lat' dir='ltr'>Ficuleas</span> <span class='ocrx_word' id='word_1_198' title='bbox 778 2401 819 2443; x_wconf 30' lang='grc' dir='ltr'>χῖ)</span> <span class='ocrx_word' id='word_1_199' title='bbox 838 2400 1070 2431; x_wconf 60' lang='grc' dir='ltr'>Γνιὲιίἰιιωιᾱεν</span> 
     </span>
     <span class='ocr_line' id='line_1_36' title="bbox 1321 2453 1360 2484; baseline 0 -13"><span class='ocrx_word' id='word_1_200' title='bbox 1321 2453 1360 2484; x_wconf 65' lang='lat'>9*</span> 
     </span>
    </p>
   </div>
  </div>
 </body>
</html>
