1648 2729
196 159 251 195 M.
283 158 405 195 VAL.
440 158 754 197 MARTIALIS

195 277 344 308 secreta
373 283 517 320 quaere
546 269 721 308 carmina
750 278 788 308 et
817 269 933 309 rudes
963 284 1075 308 curas
1376 264 1378 267 ¹
1510 263 1528 317 5

196 348 293 383 quas
323 334 433 373 novit
463 348 564 373 unus
594 334 818 385 scrinioque
848 335 1018 385 signatas

198 399 371 438 custodit
400 399 483 449 ipse
512 400 670 451 virginis
700 408 810 450 pater
839 402 1007 448 chartae,

197 479 298 514 quae
328 465 416 503 trita
445 467 544 503 duro
573 479 654 504 non
684 465 877 504 inhorruit
905 473 1052 504 mento.

198 538 348 569 mutare
377 530 586 569 dominum
617 544 697 568 non
727 538 857 580 potest
886 530 984 569 liber
1012 539 1140 570 notus.

197 596 267 633 sed
297 595 497 645 pumicata
525 597 652 634 fronte
681 595 713 634 si
743 595 830 646 quis
860 604 918 634 est
947 597 1127 634 nondum
1495 612 1534 635 10

198 674 271 698 nec
301 660 498 699 umbilicis
528 662 656 699 cultus
684 668 804 710 atque
834 662 1074 708 membrana,

199 739 395 764 mercare:
434 727 531 764 tales
561 726 718 773 habeo3
756 740 829 764 nec
860 724 956 764 Sciet
985 726 1206 776 quisquam.

197 790 326 829 aliena
355 790 532 840 quisquis
562 790 698 829 recitat
727 798 765 829 et
794 791 892 840 petit
920 792 1076 838 famam,

199 869 279 894 non
309 869 439 894 emere
468 855 622 903 librum,
655 857 725 895 sed
754 856 954 895 silentium
984 857 1114 895 debet.

682 955 841 992 LXVII

202 1035 345 1074 ‘Liber
375 1036 496 1073 homo
527 1049 567 1073 es
597 1035 788 1082 nimium,'
818 1034 916 1074 dicis
946 1035 1054 1084 mihi,
1087 1038 1238 1086 Ceryle,
1271 1050 1435 1087 semper.

256 1100 303 1135 In
334 1106 371 1136 te
402 1097 468 1147 qui
498 1097 604 1145 dicit,
636 1099 787 1148 Ceryle,
818 1098 916 1137 liber
944 1100 1066 1138 homo
1095 1107 1164 1138 est.

670 1204 850 1240 LXVIII

203 1278 412 1328 Quidquid
440 1278 519 1328 agit
551 1280 689 1326 Rufus,
721 1278 817 1316 nihil
847 1287 905 1317 est
936 1279 1009 1317 nisi
1040 1279 1191 1318 Naevia
1221 1281 1339 1318 Rufo.

257 1343 287 1381 si
316 1345 471 1393 gaudet,
504 1343 535 1381 si
566 1345 641 1390 fiet,
675 1343 706 1381 si
736 1351 849 1391 tacet,
880 1345 983 1382 hanc
1012 1344 1194 1394 loquitur.

202 1416 326 1455 cenat,
360 1407 553 1458 propinat,
585 1408 723 1458 poscit,
757 1416 884 1458 negat,
916 1408 1068 1447 innuit:
1108 1422 1187 1447 una
1216 1417 1275 1447 est

258 1470 408 1509 Naevia
424 1485 433 1517 3
470 1470 501 1508 si
531 1484 612 1508 non
642 1469 690 1508 sit
720 1470 881 1518 Naevia,
913 1478 1045 1509 mutus
1075 1470 1155 1509 erit.

202 1536 388 1574 scriberet
418 1537 601 1574 hesterna
629 1535 728 1585 patri
759 1549 850 1574 cum
880 1537 968 1575 luce
999 1538 1177 1584 salutem,
1518 1553 1535 1584 5

259 1600 432 1638 ‘Naevia
461 1602 546 1638 lux'
576 1600 703 1650 inquit
735 1600 908 1639 ‘Naevia
937 1603 1083 1648 lumen,
1115 1603 1239 1640 have)

206 1668 319 1704 Haec
349 1665 440 1715 legit
471 1674 508 1704 et
538 1665 637 1704 ridet
667 1665 841 1704 demisso
872 1666 1024 1704 Naevia
1052 1668 1173 1705 voltu.

260 1730 409 1769 Naevia
439 1744 519 1768 non
550 1745 627 1769 una
657 1739 738 1769 est:
777 1730 884 1781 quid,
917 1731 973 1769 vir
1002 1731 1146 1782 inepte,
1177 1731 1301 1770 furis?

702 1831 839 1868 LXIX

313 1907 466 1957 Coepit,
499 1907 687 1956 Maxime,
718 1909 827 1945 Pana
855 1907 922 1957 qui
951 1907 1114 1954 solebat,

313 1986 418 2010 nunc
448 1974 657 2011 ostendere
687 1972 858 2012 Canium
888 1974 1093 2011 Tarentos.

252 2076 359 2107 LXVI
385 2086 403 2115 5
428 2086 572 2114 querere
590 2075 645 2105 ΒΑ
744 2086 762 2114 7
787 2081 884 2115 pater
899 2076 1050 2115 chartae]
1069 2080 1186 2116 partae
1205 2075 1254 2106 CA
1271 2074 1350 2111 (non
1367 2074 1418 2113 A)
1517 2073 1538 2103 8

206 2121 271 2150 duo
291 2120 340 2150 CA
429 2119 558 2150 horruit
576 2119 625 2149 CA
760 2130 799 2149 10
822 2119 980 2159 pumicata
995 2119 1050 2149 BA
1184 2129 1218 2148 11
1245 2118 1420 2149 umbilicus
1438 2117 1487 2148 CA

251 2163 376 2194 LXVII
402 2163 474 2193 ΙιαΙ).
497 2162 526 2192 T
621 2172 634 2192 1
662 2162 760 2204 dicis]
779 2163 862 2193 disci
883 2163 932 2193 CA
949 2165 1029 2203 (non
1045 2163 1094 2203 A)
1197 2172 1224 2201 1,
1241 2172 1260 2192 2
1285 2161 1418 2192 caerule
1433 2160 1536 2201 (cer-)

204 2207 343 2237 ΑΑΒΑῑ
367 2206 481 2245 ceryle
499 2206 586 2245 (dle)
607 2205 656 2236 CA
779 2216 798 2235 2
823 2206 880 2245 qui
905 2205 998 2244 degit
1024 2206 1074 2236 CA
1196 2216 1234 2236 es
1260 2205 1318 2244 CA,
1339 2204 1424 2235 unde
1444 2204 1478 2234 in
1504 2209 1538 2234 te

205 2251 280 2289 quis
302 2250 390 2289 dicit,
418 2249 552 2289 Ceryle,
577 2249 681 2279 ‘liber
705 2249 806 2279 homo
830 2249 912 2281 es’?
945 2249 1008 2282 Ed.
1029 2248 1195 2290 [Vagnerz
1219 2247 1540 2289 sort.interrogat1've

205 2295 224 2324 l.
247 2295 279 2325 h.
300 2299 351 2324 est
363 2296 384 2325 2.
402 2294 422 2324 i.
434 2304 457 2324 e.
479 2292 695 2331 impudensne
710 2292 797 2322 debet
810 2293 940 2324 vocari?
1466 2295 1471 2303 ⁸

251 2337 394 2368 LXVIII
420 2337 495 2367 hab.
519 2336 547 2366 T
666 2345 679 2365 1
707 2335 771 2366 nisi
789 2346 855 2367 om.
878 2336 908 2367 T
1030 2347 1047 2377 5
1071 2336 1254 2376 scripserat
1269 2335 1348 2365 AA:
1373 2335 1538 2366 scriberet

204 2381 312 2411 ΒΑΕΔ
444 2381 465 2410 8
488 2380 570 2420 una]
587 2390 675 2410 uana
697 2379 727 2410 T

250 2424 363 2454 LXIX
392 2434 405 2454 1
433 2424 577 2454 maxima
593 2422 648 2452 BA
735 2421 791 2462 qui
808 2422 855 2453 ed.
875 2433 907 2454 a.
930 2433 1031 2462 1473:
1057 2433 1144 2462 quae
1162 2423 1256 2464 (que)
1275 2420 1361 2454 codd.
