<?xml version="1.0" encoding="UTF-8"?>
<!DOCTYPE html PUBLIC "-//W3C//DTD XHTML 1.0 Transitional//EN"
    "http://www.w3.org/TR/xhtml1/DTD/xhtml1-transitional.dtd">
<html xmlns="http://www.w3.org/1999/xhtml" xml:lang="en" lang="en">
 <head>
  <title>
</title>
<meta http-equiv="Content-Type" content="text/html;charset=utf-8" />
  <meta name='ocr-system' content='tesseract 3.04.00' />
  <meta name='ocr-capabilities' content='ocr_page ocr_carea ocr_par ocr_line ocrx_word'/>
</head>
<body>
  <div class='ocr_page' id='page_1' title='image "./epigrammatasele00martuoft_0069.png"; bbox 0 0 1648 2729; ppageno 0'>
   <div class='ocr_carea' id='block_1_1' title="bbox 776 137 1454 177">
    <p class='ocr_par' dir='ltr' id='par_1_1' title="bbox 776 137 1454 177">
     <span class='ocr_line' id='line_1_1' title="bbox 776 137 1454 177; baseline 0.004 -3"><span class='ocrx_word' id='word_1_1' title='bbox 776 137 1244 177; x_wconf 80' lang='lat' dir='ltr'>EPIGRAMMATON</span> <span class='ocrx_word' id='word_1_2' title='bbox 1276 140 1379 177; x_wconf 89' lang='lat' dir='ltr'>LIB.</span> <span class='ocrx_word' id='word_1_3' title='bbox 1413 141 1454 177; x_wconf 90' lang='lat' dir='ltr'>II</span> 
     </span>
    </p>
   </div>
   <div class='ocr_carea' id='block_1_2' title="bbox 119 247 1453 1841">
    <p class='ocr_par' dir='ltr' id='par_1_2' title="bbox 119 247 1453 1841">
     <span class='ocr_line' id='line_1_2' title="bbox 610 247 782 283; baseline 0 0"><span class='ocrx_word' id='word_1_4' title='bbox 610 247 782 283; x_wconf 90' lang='lat' dir='ltr'>LXXXI</span> 
     </span>
     <span class='ocr_line' id='line_1_3' title="bbox 124 310 1058 360; baseline 0.001 -12"><span class='ocrx_word' id='word_1_5' title='bbox 124 310 265 349; x_wconf 83' lang='lat' dir='ltr'>Laxior</span> <span class='ocrx_word' id='word_1_6' title='bbox 294 310 529 360; x_wconf 80' lang='lat' dir='ltr'>hexaphoris</span> <span class='ocrx_word' id='word_1_7' title='bbox 560 318 626 349; x_wconf 84' lang='lat' dir='ltr'>tua</span> <span class='ocrx_word' id='word_1_8' title='bbox 655 310 703 349; x_wconf 87' lang='lat' dir='ltr'>sit</span> <span class='ocrx_word' id='word_1_9' title='bbox 733 311 873 349; x_wconf 81' lang='lat' dir='ltr'>lectica</span> <span class='ocrx_word' id='word_1_10' title='bbox 902 311 1058 350; x_wconf 79' lang='lat' dir='ltr'>licebit:</span> 
     </span>
     <span class='ocr_line' id='line_1_4' title="bbox 175 375 1231 427; baseline 0.002 -13"><span class='ocrx_word' id='word_1_11' title='bbox 175 389 264 414; x_wconf 88' lang='lat' dir='ltr'>cum</span> <span class='ocrx_word' id='word_1_12' title='bbox 297 383 428 414; x_wconf 85' lang='lat' dir='ltr'>tamen</span> <span class='ocrx_word' id='word_1_13' title='bbox 460 377 557 414; x_wconf 85' lang='lat' dir='ltr'>haec</span> <span class='ocrx_word' id='word_1_14' title='bbox 588 384 654 414; x_wconf 87' lang='lat' dir='ltr'>tua</span> <span class='ocrx_word' id='word_1_15' title='bbox 684 375 743 423; x_wconf 89' lang='lat' dir='ltr'>sit,</span> <span class='ocrx_word' id='word_1_16' title='bbox 776 376 895 424; x_wconf 89' lang='lat' dir='ltr'>Zoile,</span> <span class='ocrx_word' id='word_1_17' title='bbox 928 377 1133 427; x_wconf 77' lang='lat' dir='ltr'>sandapila</span> <span class='ocrx_word' id='word_1_18' title='bbox 1163 386 1231 416; x_wconf 85' lang='lat' dir='ltr'>est.</span> 
     </span>
     <span class='ocr_line' id='line_1_5' title="bbox 607 457 805 494; baseline 0 -1"><span class='ocrx_word' id='word_1_19' title='bbox 607 457 805 494; x_wconf 90' lang='lat' dir='ltr'>LXXXII</span> 
     </span>
     <span class='ocr_line' id='line_1_6' title="bbox 122 519 1128 571; baseline 0.002 -13"><span class='ocrx_word' id='word_1_20' title='bbox 122 519 289 559; x_wconf 84' lang='lat' dir='ltr'>Abscisa</span> <span class='ocrx_word' id='word_1_21' title='bbox 318 533 471 558; x_wconf 90' lang='lat' dir='ltr'>servom</span> <span class='ocrx_word' id='word_1_22' title='bbox 503 520 599 570; x_wconf 86' lang='lat' dir='ltr'>quid</span> <span class='ocrx_word' id='word_1_23' title='bbox 630 520 724 570; x_wconf 82' lang='lat' dir='ltr'>figis,</span> <span class='ocrx_word' id='word_1_24' title='bbox 759 520 934 568; x_wconf 79' lang='lat' dir='ltr'>Pontice,</span> <span class='ocrx_word' id='word_1_25' title='bbox 968 523 1128 571; x_wconf 83' lang='lat' dir='ltr'>lingua?</span> 
     </span>
     <span class='ocr_line' id='line_1_7' title="bbox 175 585 1158 637; baseline 0.001 -13"><span class='ocrx_word' id='word_1_26' title='bbox 175 585 302 624; x_wconf 89' lang='lat' dir='ltr'>nescis</span> <span class='ocrx_word' id='word_1_27' title='bbox 332 593 373 623; x_wconf 92' lang='lat' dir='ltr'>tu</span> <span class='ocrx_word' id='word_1_28' title='bbox 404 587 607 635; x_wconf 87' lang='lat' dir='ltr'>populum,</span> <span class='ocrx_word' id='word_1_29' title='bbox 640 587 748 635; x_wconf 87' lang='lat' dir='ltr'>quod</span> <span class='ocrx_word' id='word_1_30' title='bbox 780 594 882 625; x_wconf 84' lang='lat' dir='ltr'>tacet</span> <span class='ocrx_word' id='word_1_31' title='bbox 912 586 987 633; x_wconf 89' lang='lat' dir='ltr'>ille,</span> <span class='ocrx_word' id='word_1_32' title='bbox 1020 587 1158 637; x_wconf 86' lang='lat' dir='ltr'>loqui?</span> 
     </span>
     <span class='ocr_line' id='line_1_8' title="bbox 591 666 797 702; baseline -0.005 0"><span class='ocrx_word' id='word_1_33' title='bbox 591 666 797 702; x_wconf 85' lang='lat' dir='ltr'>‘LXXXV</span> 
     </span>
     <span class='ocr_line' id='line_1_9' title="bbox 120 729 1104 778; baseline 0.002 -10"><span class='ocrx_word' id='word_1_34' title='bbox 120 730 279 768; x_wconf 86' lang='lat' dir='ltr'>Vimine</span> <span class='ocrx_word' id='word_1_35' title='bbox 309 732 442 768; x_wconf 86' lang='lat' dir='ltr'>clausa</span> <span class='ocrx_word' id='word_1_36' title='bbox 472 730 546 768; x_wconf 89' lang='lat' dir='ltr'>levi</span> <span class='ocrx_word' id='word_1_37' title='bbox 577 729 714 768; x_wconf 88' lang='lat' dir='ltr'>niveae</span> <span class='ocrx_word' id='word_1_38' title='bbox 744 731 926 769; x_wconf 80' lang='lat' dir='ltr'>custodia</span> <span class='ocrx_word' id='word_1_39' title='bbox 955 738 1104 778; x_wconf 85' lang='lat' dir='ltr'>coctae,</span> 
     </span>
     <span class='ocr_line' id='line_1_10' title="bbox 173 794 1032 845; baseline 0.001 -12"><span class='ocrx_word' id='word_1_40' title='bbox 173 797 249 834; x_wconf 89' lang='lat' dir='ltr'>hoc</span> <span class='ocrx_word' id='word_1_41' title='bbox 279 795 350 833; x_wconf 91' lang='lat' dir='ltr'>tibi</span> <span class='ocrx_word' id='word_1_42' title='bbox 381 794 537 834; x_wconf 86' lang='lat' dir='ltr'>Saturni</span> <span class='ocrx_word' id='word_1_43' title='bbox 568 803 746 845; x_wconf 87' lang='lat' dir='ltr'>tempore</span> <span class='ocrx_word' id='word_1_44' title='bbox 776 809 920 834; x_wconf 90' lang='lat' dir='ltr'>munus</span> <span class='ocrx_word' id='word_1_45' title='bbox 951 796 1032 834; x_wconf 88' lang='lat' dir='ltr'>erit.</span> 
     </span>
     <span class='ocr_line' id='line_1_11' title="bbox 119 860 1186 911; baseline -0.001 -11"><span class='ocrx_word' id='word_1_46' title='bbox 119 862 226 900; x_wconf 89' lang='lat' dir='ltr'>dona</span> <span class='ocrx_word' id='word_1_47' title='bbox 254 862 363 911; x_wconf 88' lang='lat' dir='ltr'>quod</span> <span class='ocrx_word' id='word_1_48' title='bbox 393 861 551 899; x_wconf 82' lang='lat' dir='ltr'>aestatis</span> <span class='ocrx_word' id='word_1_49' title='bbox 582 860 669 898; x_wconf 89' lang='lat' dir='ltr'>misi</span> <span class='ocrx_word' id='word_1_50' title='bbox 700 861 771 899; x_wconf 90' lang='lat' dir='ltr'>tibi</span> <span class='ocrx_word' id='word_1_51' title='bbox 802 875 939 900; x_wconf 88' lang='lat' dir='ltr'>mense</span> <span class='ocrx_word' id='word_1_52' title='bbox 972 862 1186 900; x_wconf 89' lang='lat' dir='ltr'>Decembri</span> 
     </span>
     <span class='ocr_line' id='line_1_12' title="bbox 172 926 1092 977; baseline 0.001 -13"><span class='ocrx_word' id='word_1_53' title='bbox 172 926 203 965; x_wconf 91' lang='lat' dir='ltr'>si</span> <span class='ocrx_word' id='word_1_54' title='bbox 233 926 416 977; x_wconf 88' lang='lat' dir='ltr'>quereris,</span> <span class='ocrx_word' id='word_1_55' title='bbox 449 940 575 964; x_wconf 84' lang='lat' dir='ltr'>rasam</span> <span class='ocrx_word' id='word_1_56' title='bbox 606 934 647 964; x_wconf 90' lang='lat' dir='ltr'>tu</span> <span class='ocrx_word' id='word_1_57' title='bbox 678 926 776 964; x_wconf 84' lang='lat' dir='ltr'>mihi</span> <span class='ocrx_word' id='word_1_58' title='bbox 806 926 918 965; x_wconf 90' lang='lat' dir='ltr'>mitte</span> <span class='ocrx_word' id='word_1_59' title='bbox 948 934 1092 977; x_wconf 85' lang='lat' dir='ltr'>togam.</span> 
     </span>
     <span class='ocr_line' id='line_1_13' title="bbox 604 1008 818 1044; baseline 0 0"><span class='ocrx_word' id='word_1_60' title='bbox 604 1008 818 1044; x_wconf 88' lang='lat' dir='ltr'>LXXXVI</span> 
     </span>
     <span class='ocr_line' id='line_1_14' title="bbox 227 1071 1003 1122; baseline 0 -12"><span class='ocrx_word' id='word_1_61' title='bbox 227 1073 349 1120; x_wconf 80' lang='lat' dir='ltr'>Quod</span> <span class='ocrx_word' id='word_1_62' title='bbox 378 1086 452 1110; x_wconf 89' lang='lat' dir='ltr'>nec</span> <span class='ocrx_word' id='word_1_63' title='bbox 482 1071 656 1110; x_wconf 82' lang='lat' dir='ltr'>carmine</span> <span class='ocrx_word' id='word_1_64' title='bbox 685 1071 830 1121; x_wconf 83' lang='lat' dir='ltr'>glorior</span> <span class='ocrx_word' id='word_1_65' title='bbox 859 1072 1003 1122; x_wconf 86' lang='lat' dir='ltr'>supino</span> 
     </span>
     <span class='ocr_line' id='line_1_15' title="bbox 225 1137 1012 1187; baseline 0.001 -13"><span class='ocrx_word' id='word_1_66' title='bbox 225 1150 299 1175; x_wconf 87' lang='lat' dir='ltr'>nec</span> <span class='ocrx_word' id='word_1_67' title='bbox 329 1145 431 1175; x_wconf 90' lang='lat' dir='ltr'>retro</span> <span class='ocrx_word' id='word_1_68' title='bbox 462 1138 549 1187; x_wconf 83' lang='lat' dir='ltr'>lego</span> <span class='ocrx_word' id='word_1_69' title='bbox 580 1138 756 1176; x_wconf 85' lang='lat' dir='ltr'>Sotaden</span> <span class='ocrx_word' id='word_1_70' title='bbox 787 1137 1012 1185; x_wconf 81' lang='lat' dir='ltr'>cinaedum,</span> 
     </span>
     <span class='ocr_line' id='line_1_16' title="bbox 226 1203 1124 1252; baseline 0.001 -12"><span class='ocrx_word' id='word_1_71' title='bbox 226 1215 422 1252; x_wconf 87' lang='lat' dir='ltr'>nusquam</span> <span class='ocrx_word' id='word_1_72' title='bbox 453 1203 648 1241; x_wconf 86' lang='lat' dir='ltr'>Graecula</span> <span class='ocrx_word' id='word_1_73' title='bbox 678 1204 787 1252; x_wconf 87' lang='lat' dir='ltr'>quod</span> <span class='ocrx_word' id='word_1_74' title='bbox 817 1210 993 1241; x_wconf 84' lang='lat' dir='ltr'>recantat</span> <span class='ocrx_word' id='word_1_75' title='bbox 1023 1204 1124 1241; x_wconf 83' lang='lat' dir='ltr'>echo</span> 
     </span>
     <span class='ocr_line' id='line_1_17' title="bbox 225 1267 966 1306; baseline 0.001 -1"><span class='ocrx_word' id='word_1_76' title='bbox 225 1281 299 1306; x_wconf 91' lang='lat' dir='ltr'>nee</span> <span class='ocrx_word' id='word_1_77' title='bbox 328 1267 450 1306; x_wconf 89' lang='lat' dir='ltr'>dictat</span> <span class='ocrx_word' id='word_1_78' title='bbox 481 1267 577 1305; x_wconf 88' lang='lat' dir='ltr'>mihi</span> <span class='ocrx_word' id='word_1_79' title='bbox 607 1269 831 1306; x_wconf 84' lang='lat' dir='ltr'>luculentus</span> <span class='ocrx_word' id='word_1_80' title='bbox 862 1267 966 1306; x_wconf 89' lang='lat' dir='ltr'>Attis</span> 
     </span>
     <span class='ocr_line' id='line_1_18' title="bbox 225 1332 1453 1383; baseline 0.001 -13"><span class='ocrx_word' id='word_1_81' title='bbox 225 1334 385 1371; x_wconf 90' lang='lat' dir='ltr'>mollem</span> <span class='ocrx_word' id='word_1_82' title='bbox 416 1332 620 1371; x_wconf 79' lang='lat' dir='ltr'>debilitate</span> <span class='ocrx_word' id='word_1_83' title='bbox 649 1333 915 1383; x_wconf 83' lang='lat' dir='ltr'>galliambon:</span> <span class='ocrx_word' id='word_1_84' title='bbox 1437 1350 1453 1381; x_wconf 78' lang='lat'>5</span> 
     </span>
     <span class='ocr_line' id='line_1_19' title="bbox 225 1397 1083 1449; baseline 0.002 -14"><span class='ocrx_word' id='word_1_85' title='bbox 225 1411 305 1436; x_wconf 91' lang='lat' dir='ltr'>non</span> <span class='ocrx_word' id='word_1_86' title='bbox 336 1411 435 1445; x_wconf 89' lang='lat' dir='ltr'>sum,</span> <span class='ocrx_word' id='word_1_87' title='bbox 468 1397 653 1444; x_wconf 89' lang='lat' dir='ltr'>Classice,</span> <span class='ocrx_word' id='word_1_88' title='bbox 687 1405 767 1436; x_wconf 88' lang='lat' dir='ltr'>tarn</span> <span class='ocrx_word' id='word_1_89' title='bbox 800 1400 926 1436; x_wconf 80' lang='lat' dir='ltr'>malus</span> <span class='ocrx_word' id='word_1_90' title='bbox 956 1407 1083 1449; x_wconf 85' lang='lat' dir='ltr'>poeta.</span> 
     </span>
     <span class='ocr_line' id='line_1_20' title="bbox 224 1463 951 1515; baseline 0 -13"><span class='ocrx_word' id='word_1_91' title='bbox 224 1463 320 1514; x_wconf 88' lang='lat' dir='ltr'>quid</span> <span class='ocrx_word' id='word_1_92' title='bbox 347 1464 378 1502; x_wconf 91' lang='lat' dir='ltr'>si</span> <span class='ocrx_word' id='word_1_93' title='bbox 408 1478 477 1514; x_wconf 91' lang='lat' dir='ltr'>per</span> <span class='ocrx_word' id='word_1_94' title='bbox 505 1464 658 1514; x_wconf 85' lang='lat' dir='ltr'>gracilis</span> <span class='ocrx_word' id='word_1_95' title='bbox 688 1464 769 1502; x_wconf 90' lang='lat' dir='ltr'>vias</span> <span class='ocrx_word' id='word_1_96' title='bbox 800 1464 951 1515; x_wconf 87' lang='lat' dir='ltr'>petauri</span> 
     </span>
     <span class='ocr_line' id='line_1_21' title="bbox 224 1529 919 1568; baseline 0.001 -1"><span class='ocrx_word' id='word_1_97' title='bbox 224 1529 391 1567; x_wconf 89' lang='lat' dir='ltr'>invitum</span> <span class='ocrx_word' id='word_1_98' title='bbox 420 1529 557 1568; x_wconf 87' lang='lat' dir='ltr'>iubeas</span> <span class='ocrx_word' id='word_1_99' title='bbox 588 1529 720 1568; x_wconf 87' lang='lat' dir='ltr'>subire</span> <span class='ocrx_word' id='word_1_100' title='bbox 751 1531 919 1568; x_wconf 84' lang='lat' dir='ltr'>Ladan?</span> 
     </span>
     <span class='ocr_line' id='line_1_22' title="bbox 225 1595 963 1646; baseline 0 -13"><span class='ocrx_word' id='word_1_101' title='bbox 225 1602 337 1645; x_wconf 84' lang='lat' dir='ltr'>turpe</span> <span class='ocrx_word' id='word_1_102' title='bbox 366 1602 425 1633; x_wconf 90' lang='lat' dir='ltr'>est</span> <span class='ocrx_word' id='word_1_103' title='bbox 454 1595 632 1634; x_wconf 89' lang='lat' dir='ltr'>difficiles</span> <span class='ocrx_word' id='word_1_104' title='bbox 663 1596 810 1633; x_wconf 89' lang='lat' dir='ltr'>habere</span> <span class='ocrx_word' id='word_1_105' title='bbox 840 1609 963 1646; x_wconf 82' lang='lat' dir='ltr'>nugas</span> 
     </span>
     <span class='ocr_line' id='line_1_23' title="bbox 224 1660 1453 1711; baseline -0.001 -12"><span class='ocrx_word' id='word_1_106' title='bbox 224 1668 262 1699; x_wconf 89' lang='lat' dir='ltr'>et</span> <span class='ocrx_word' id='word_1_107' title='bbox 291 1662 432 1699; x_wconf 88' lang='lat' dir='ltr'>stultus</span> <span class='ocrx_word' id='word_1_108' title='bbox 462 1661 573 1699; x_wconf 89' lang='lat' dir='ltr'>labor</span> <span class='ocrx_word' id='word_1_109' title='bbox 602 1667 661 1699; x_wconf 88' lang='lat' dir='ltr'>est</span> <span class='ocrx_word' id='word_1_110' title='bbox 690 1660 938 1711; x_wconf 89' lang='lat' dir='ltr'>ineptiarum.</span> <span class='ocrx_word' id='word_1_111' title='bbox 1414 1677 1453 1699; x_wconf 83' lang='lat'>10</span> 
     </span>
     <span class='ocr_line' id='line_1_24' title="bbox 225 1725 1014 1773; baseline 0.001 -10"><span class='ocrx_word' id='word_1_112' title='bbox 225 1725 368 1764; x_wconf 87' lang='lat' dir='ltr'>scribat</span> <span class='ocrx_word' id='word_1_113' title='bbox 397 1725 571 1764; x_wconf 90' lang='lat' dir='ltr'>carmina</span> <span class='ocrx_word' id='word_1_114' title='bbox 600 1725 755 1764; x_wconf 89' lang='lat' dir='ltr'>circulis</span> <span class='ocrx_word' id='word_1_115' title='bbox 787 1727 1014 1773; x_wconf 85' lang='lat' dir='ltr'>Palaemon,</span> 
     </span>
     <span class='ocr_line' id='line_1_25' title="bbox 224 1790 932 1841; baseline 0 -12"><span class='ocrx_word' id='word_1_116' title='bbox 224 1804 287 1830; x_wconf 90' lang='lat' dir='ltr'>me</span> <span class='ocrx_word' id='word_1_117' title='bbox 316 1790 409 1830; x_wconf 88' lang='lat' dir='ltr'>raris</span> <span class='ocrx_word' id='word_1_118' title='bbox 439 1791 545 1829; x_wconf 90' lang='lat' dir='ltr'>iuvat</span> <span class='ocrx_word' id='word_1_119' title='bbox 573 1791 735 1829; x_wconf 87' lang='lat' dir='ltr'>auribus</span> <span class='ocrx_word' id='word_1_120' title='bbox 765 1793 932 1841; x_wconf 88' lang='lat' dir='ltr'>placere.</span> 
     </span>
    </p>
   </div>
   <div class='ocr_carea' id='block_1_3' title="bbox 602 1872 863 1908">
    <p class='ocr_par' dir='ltr' id='par_1_3' title="bbox 602 1872 863 1908">
     <span class='ocr_line' id='line_1_26' title="bbox 602 1872 863 1908; baseline 0 0"><span class='ocrx_word' id='word_1_121' title='bbox 602 1872 863 1908; x_wconf 92' lang='lat' dir='ltr'>LXXXVIII</span> 
     </span>
    </p>
   </div>
   <div class='ocr_carea' id='block_1_4' title="bbox 116 1935 1098 2051">
    <p class='ocr_par' dir='ltr' id='par_1_4' title="bbox 116 1935 1098 2051">
     <span class='ocr_line' id='line_1_27' title="bbox 116 1935 1078 1985; baseline 0.001 -12"><span class='ocrx_word' id='word_1_122' title='bbox 116 1935 184 1973; x_wconf 90' lang='lat' dir='ltr'>Nil</span> <span class='ocrx_word' id='word_1_123' title='bbox 213 1935 352 1974; x_wconf 86' lang='lat' dir='ltr'>recitas</span> <span class='ocrx_word' id='word_1_124' title='bbox 381 1943 420 1974; x_wconf 88' lang='lat' dir='ltr'>et</span> <span class='ocrx_word' id='word_1_125' title='bbox 448 1935 516 1982; x_wconf 91' lang='lat' dir='ltr'>vis,</span> <span class='ocrx_word' id='word_1_126' title='bbox 551 1937 765 1982; x_wconf 85' lang='lat' dir='ltr'>Mamerce,</span> <span class='ocrx_word' id='word_1_127' title='bbox 797 1943 916 1985; x_wconf 88' lang='lat' dir='ltr'>poeta</span> <span class='ocrx_word' id='word_1_128' title='bbox 944 1935 1078 1974; x_wconf 88' lang='lat' dir='ltr'>videri.</span> 
     </span>
     <span class='ocr_line' id='line_1_28' title="bbox 169 2000 1098 2051; baseline 0.001 -13"><span class='ocrx_word' id='word_1_129' title='bbox 169 2000 365 2051; x_wconf 85' lang='lat' dir='ltr'>quidquid</span> <span class='ocrx_word' id='word_1_130' title='bbox 394 2000 452 2039; x_wconf 89' lang='lat' dir='ltr'>vis</span> <span class='ocrx_word' id='word_1_131' title='bbox 482 2008 577 2047; x_wconf 87' lang='lat' dir='ltr'>esto,</span> <span class='ocrx_word' id='word_1_132' title='bbox 610 2001 834 2039; x_wconf 87' lang='lat' dir='ltr'>dummodo</span> <span class='ocrx_word' id='word_1_133' title='bbox 864 2000 919 2038; x_wconf 88' lang='lat' dir='ltr'>nil</span> <span class='ocrx_word' id='word_1_134' title='bbox 948 2000 1098 2039; x_wconf 86' lang='lat' dir='ltr'>recites.</span> 
     </span>
    </p>
   </div>
   <div class='ocr_carea' id='block_1_5' title="bbox 160 2102 1023 2142">
    <p class='ocr_par' dir='ltr' id='par_1_5' title="bbox 160 2102 1023 2142">
     <span class='ocr_line' id='line_1_29' title="bbox 160 2102 1023 2142; baseline 0.001 -8"><span class='ocrx_word' id='word_1_135' title='bbox 160 2104 311 2134; x_wconf 91' lang='lat' dir='ltr'>LXXXI</span> <span class='ocrx_word' id='word_1_136' title='bbox 335 2104 408 2134; x_wconf 75' lang='lat' dir='ltr'>hab.</span> <span class='ocrx_word' id='word_1_137' title='bbox 426 2104 459 2134; x_wconf 88' lang='lat' dir='ltr'><em>R</em></span> <span class='ocrx_word' id='word_1_138' title='bbox 549 2115 567 2134; x_wconf 87' lang='lat'><strong>2</strong></span> <span class='ocrx_word' id='word_1_139' title='bbox 592 2105 709 2134; x_wconf 83' lang='lat' dir='ltr'>scand-</span> <span class='ocrx_word' id='word_1_140' title='bbox 728 2102 761 2132; x_wconf 84' lang='lat' dir='ltr'><em>R</em></span> <span class='ocrx_word' id='word_1_141' title='bbox 780 2102 822 2142; x_wconf 88' lang='lat' dir='ltr'>(L</span> <span class='ocrx_word' id='word_1_142' title='bbox 840 2107 915 2134; x_wconf 72' lang='lat' dir='ltr'>anie</span> <span class='ocrx_word' id='word_1_143' title='bbox 930 2104 1023 2141; x_wconf 79' lang='lat' dir='ltr'>corr.)</span> 
     </span>
    </p>
   </div>
   <div class='ocr_carea' id='block_1_6' title="bbox 115 2146 1451 2398">
    <p class='ocr_par' dir='ltr' id='par_1_6' title="bbox 116 2146 1451 2231">
     <span class='ocr_line' id='line_1_30' title="bbox 161 2146 1451 2188; baseline 0.001 -10"><span class='ocrx_word' id='word_1_144' title='bbox 161 2148 328 2178; x_wconf 89' lang='lat' dir='ltr'>LXXXII</span> <span class='ocrx_word' id='word_1_145' title='bbox 352 2148 426 2180; x_wconf 80' lang='lat' dir='ltr'>hab.</span> <span class='ocrx_word' id='word_1_146' title='bbox 448 2147 478 2178; x_wconf 93' lang='lat' dir='ltr'><em>T</em></span> <span class='ocrx_word' id='word_1_147' title='bbox 610 2158 623 2178; x_wconf 93' lang='lat'>1</span> <span class='ocrx_word' id='word_1_148' title='bbox 643 2148 723 2187; x_wconf 87' lang='lat' dir='ltr'>quid</span> <span class='ocrx_word' id='word_1_149' title='bbox 748 2147 826 2186; x_wconf 84' lang='lat' dir='ltr'>figis</span> <span class='ocrx_word' id='word_1_150' title='bbox 847 2147 930 2178; x_wconf 70' lang='lat' dir='ltr'>AA:</span> <span class='ocrx_word' id='word_1_151' title='bbox 965 2148 1056 2187; x_wconf 85' lang='lat' dir='ltr'>quod</span> <span class='ocrx_word' id='word_1_152' title='bbox 1081 2148 1171 2187; x_wconf 83' lang='lat' dir='ltr'>fugis</span> <span class='ocrx_word' id='word_1_153' title='bbox 1198 2146 1247 2178; x_wconf 78' lang='lat' dir='ltr'>CA</span> <span class='ocrx_word' id='word_1_154' title='bbox 1272 2148 1368 2187; x_wconf 75' lang='lat' dir='ltr'>(fort.</span> <span class='ocrx_word' id='word_1_155' title='bbox 1388 2153 1451 2188; x_wconf 84' lang='lat' dir='ltr'>pro</span> 
     </span>
     <span class='ocr_line' id='line_1_31' title="bbox 116 2190 1324 2231; baseline 0.001 -10"><span class='ocrx_word' id='word_1_156' title='bbox 116 2192 205 2231; x_wconf 87' lang='lat' dir='ltr'>quod</span> <span class='ocrx_word' id='word_1_157' title='bbox 223 2192 313 2231; x_wconf 66' lang='lat' dir='ltr'>figis)</span> <span class='ocrx_word' id='word_1_158' title='bbox 333 2203 340 2222; x_wconf 89' lang='lat'>:</span> <span class='ocrx_word' id='word_1_159' title='bbox 363 2192 444 2231; x_wconf 89' lang='lat' dir='ltr'>quid</span> <span class='ocrx_word' id='word_1_160' title='bbox 463 2191 565 2231; x_wconf 85' lang='lat' dir='ltr'>fingis</span> <span class='ocrx_word' id='word_1_161' title='bbox 583 2190 632 2222; x_wconf 78' lang='lat' dir='ltr'>CA</span> <span class='ocrx_word' id='word_1_162' title='bbox 765 2201 784 2220; x_wconf 89' lang='lat'><strong>2</strong></span> <span class='ocrx_word' id='word_1_163' title='bbox 809 2190 903 2221; x_wconf 84' lang='lat' dir='ltr'>nesci</span> <span class='ocrx_word' id='word_1_164' title='bbox 923 2190 974 2222; x_wconf 89' lang='lat' dir='ltr'>T:</span> <span class='ocrx_word' id='word_1_165' title='bbox 999 2191 1116 2222; x_wconf 86' lang='lat' dir='ltr'>nescin</span> <span class='ocrx_word' id='word_1_166' title='bbox 1137 2191 1324 2222; x_wconf 82' lang='lat' dir='ltr'>Beverland</span> 
     </span>
    </p>

    <p class='ocr_par' dir='ltr' id='par_1_7' title="bbox 115 2234 1449 2318">
     <span class='ocr_line' id='line_1_32' title="bbox 162 2234 1449 2275; baseline 0.001 -10"><span class='ocrx_word' id='word_1_167' title='bbox 162 2235 326 2266; x_wconf 90' lang='lat' dir='ltr'>LXXXV</span> <span class='ocrx_word' id='word_1_168' title='bbox 347 2235 421 2267; x_wconf 72' lang='lat' dir='ltr'>lzab.</span> <span class='ocrx_word' id='word_1_169' title='bbox 443 2234 474 2265; x_wconf 93' lang='lat' dir='ltr'><em>T</em></span> <span class='ocrx_word' id='word_1_170' title='bbox 540 2245 554 2265; x_wconf 90' lang='lat'>1</span> <span class='ocrx_word' id='word_1_171' title='bbox 581 2239 704 2274; x_wconf 82' lang='lat' dir='ltr'>coptae</span> <span class='ocrx_word' id='word_1_172' title='bbox 722 2235 778 2264; x_wconf 70' lang='lat' dir='ltr'>BA</span> <span class='ocrx_word' id='word_1_173' title='bbox 797 2234 879 2275; x_wconf 78' lang='lat' dir='ltr'>(pro</span> <span class='ocrx_word' id='word_1_174' title='bbox 896 2235 1027 2274; x_wconf 82' lang='lat' dir='ltr'>coctae)</span> <span class='ocrx_word' id='word_1_175' title='bbox 1046 2246 1053 2266; x_wconf 80' lang='lat' dir='ltr'>z</span> <span class='ocrx_word' id='word_1_176' title='bbox 1078 2240 1221 2275; x_wconf 86' lang='lat' dir='ltr'>coeptae</span> <span class='ocrx_word' id='word_1_177' title='bbox 1240 2234 1288 2265; x_wconf 79' lang='lat' dir='ltr'>CA</span> <span class='ocrx_word' id='word_1_178' title='bbox 1349 2245 1369 2275; x_wconf 85' lang='lat'><strong>3</strong></span> <span class='ocrx_word' id='word_1_179' title='bbox 1393 2246 1449 2266; x_wconf 90' lang='lat' dir='ltr'>ae-</span> 
     </span>
     <span class='ocr_line' id='line_1_33' title="bbox 115 2278 614 2318; baseline 0.002 -10"><span class='ocrx_word' id='word_1_180' title='bbox 115 2282 202 2308; x_wconf 82' lang='lat' dir='ltr'>state</span> <span class='ocrx_word' id='word_1_181' title='bbox 220 2278 275 2308; x_wconf 78' lang='grc' dir='ltr'>ΒΑ</span> <span class='ocrx_word' id='word_1_182' title='bbox 406 2290 426 2317; x_wconf 85' lang='lat'><strong>4</strong></span> <span class='ocrx_word' id='word_1_183' title='bbox 450 2278 563 2318; x_wconf 86' lang='lat' dir='ltr'>queris</span> <span class='ocrx_word' id='word_1_184' title='bbox 583 2278 614 2309; x_wconf 89' lang='lat' dir='ltr'><em>T</em></span> 
     </span>
    </p>

    <p class='ocr_par' dir='ltr' id='par_1_8' title="bbox 116 2321 1447 2398">
     <span class='ocr_line' id='line_1_34' title="bbox 161 2321 1447 2361; baseline 0.001 -9"><span class='ocrx_word' id='word_1_185' title='bbox 161 2321 340 2352; x_wconf 88' lang='lat' dir='ltr'>LXXXVI</span> <span class='ocrx_word' id='word_1_186' title='bbox 367 2333 385 2361; x_wconf 88' lang='lat'>4</span> <span class='ocrx_word' id='word_1_187' title='bbox 403 2323 493 2353; x_wconf 87' lang='lat' dir='ltr'>dicta</span> <span class='ocrx_word' id='word_1_188' title='bbox 507 2322 561 2352; x_wconf 82' lang='grc' dir='ltr'>ΒΑ</span> <span class='ocrx_word' id='word_1_189' title='bbox 693 2331 712 2360; x_wconf 88' lang='lat'><strong>5</strong></span> <span class='ocrx_word' id='word_1_190' title='bbox 737 2321 949 2352; x_wconf 87' lang='lat' dir='ltr'>debilitatem</span> <span class='ocrx_word' id='word_1_191' title='bbox 961 2321 1017 2351; x_wconf 78' lang='lat' dir='ltr'>BA</span> <span class='ocrx_word' id='word_1_192' title='bbox 1149 2323 1169 2353; x_wconf 85' lang='lat'>8</span> <span class='ocrx_word' id='word_1_193' title='bbox 1193 2322 1336 2353; x_wconf 91' lang='lat' dir='ltr'>inuitum</span> <span class='ocrx_word' id='word_1_194' title='bbox 1350 2333 1389 2353; x_wconf 85' lang='lat' dir='ltr'>ex</span> <span class='ocrx_word' id='word_1_195' title='bbox 1400 2323 1447 2353; x_wconf 88' lang='lat' dir='ltr'>in-</span> 
     </span>
     <span class='ocr_line' id='line_1_35' title="bbox 116 2364 912 2398; baseline 0 -3"><span class='ocrx_word' id='word_1_196' title='bbox 116 2365 240 2396; x_wconf 88' lang='lat' dir='ltr'>uictum</span> <span class='ocrx_word' id='word_1_197' title='bbox 256 2365 312 2395; x_wconf 75' lang='grc' dir='ltr'>ΒΑ</span> <span class='ocrx_word' id='word_1_198' title='bbox 329 2369 365 2396; x_wconf 80' lang='lat' dir='ltr'>ut</span> <span class='ocrx_word' id='word_1_199' title='bbox 380 2366 444 2398; x_wconf 81' lang='lat' dir='ltr'>vid.</span> <span class='ocrx_word' id='word_1_200' title='bbox 581 2375 620 2396; x_wconf 94' lang='lat'>10</span> <span class='ocrx_word' id='word_1_201' title='bbox 644 2365 838 2396; x_wconf 81' lang='lat' dir='ltr'>inertiarum</span> <span class='ocrx_word' id='word_1_202' title='bbox 855 2364 912 2395; x_wconf 72' lang='lat' dir='ltr'>BA</span> 
     </span>
    </p>
   </div>
   <div class='ocr_carea' id='block_1_7' title="bbox 162 2408 1319 2441">
    <p class='ocr_par' dir='ltr' id='par_1_9' title="bbox 162 2408 1319 2441">
     <span class='ocr_line' id='line_1_36' title="bbox 162 2408 1319 2441; baseline 0.002 -2"><span class='ocrx_word' id='word_1_203' title='bbox 162 2409 378 2439; x_wconf 82' lang='lat' dir='ltr'>LXXXVIII</span> <span class='ocrx_word' id='word_1_204' title='bbox 396 2409 470 2441; x_wconf 80' lang='lat' dir='ltr'>hab.</span> <span class='ocrx_word' id='word_1_205' title='bbox 491 2408 552 2439; x_wconf 82' lang='lat' dir='ltr'>TR</span> <span class='ocrx_word' id='word_1_206' title='bbox 644 2420 663 2439; x_wconf 87' lang='lat'><strong>2</strong></span> <span class='ocrx_word' id='word_1_207' title='bbox 687 2413 759 2439; x_wconf 85' lang='lat' dir='ltr'>esto</span> <span class='ocrx_word' id='word_1_208' title='bbox 777 2410 829 2440; x_wconf 89' lang='lat' dir='ltr'>uis</span> <span class='ocrx_word' id='word_1_209' title='bbox 846 2412 883 2439; x_wconf 80' lang='lat' dir='ltr'>ut</span> <span class='ocrx_word' id='word_1_210' title='bbox 897 2409 959 2440; x_wconf 80' lang='lat' dir='ltr'>vid.</span> <span class='ocrx_word' id='word_1_211' title='bbox 982 2409 1028 2439; x_wconf 73' lang='lat' dir='ltr'>CA</span> <span class='ocrx_word' id='word_1_212' title='bbox 1120 2410 1243 2441; x_wconf 85' lang='lat' dir='ltr'>recitas</span> <span class='ocrx_word' id='word_1_213' title='bbox 1258 2409 1319 2440; x_wconf 71' lang='grc' dir='ltr'>ΑΑ</span> 
     </span>
    </p>
   </div>
  </div>
 </body>
</html>
