1648 2729
712 82 1182 121 EPIGRAMMATON
1214 83 1318 120 LIB.

123 209 172 234 an
204 194 452 234 Tartesiacus
482 193 626 233 stabuli
656 193 822 232 nutritor
851 193 994 232 Hiberi

181 260 312 299 Baetis
342 259 382 298 in
414 259 611 310 Hesperia
640 267 678 298 te
708 273 868 309 quoque
897 259 989 297 lavit
1019 261 1122 297 ove?

124 339 175 364 an
205 333 272 364 tua
302 325 541 364 multifidum
570 325 790 363 numeravit
819 327 909 363 lana
937 324 1160 371 Timavum,

179 404 299 440 quem
329 390 416 440 pius
446 390 623 429 astrifero
654 391 833 440 Cyllarus
862 403 929 427 ore
958 389 1091 428 bibit?

124 463 162 494 te
192 469 265 494 nec
295 458 512 506 Amyclaeo
541 455 674 494 decuit
703 455 821 493 livere
849 468 1005 493 veneno

178 535 252 559 nec
283 521 444 559 Miletos
474 529 554 560 erat
583 522 725 559 vellere
754 520 873 571 digna
902 527 981 558 tuo.

123 586 203 624 lilia
232 594 273 624 tu
303 586 426 625 vincis
456 600 530 625 nec
559 587 690 624 adhuc
720 587 882 636 delapsa
910 585 1070 635 ligustra

178 659 216 690 et
246 651 458 690 Tiburtino
488 660 625 690 monte
655 653 764 702 quod
793 653 897 701 alget
926 651 1051 698 ebur;

126 717 341 766 Spartanus
371 717 442 755 tibi
472 718 588 755 cedet
617 719 702 755 olor
733 716 988 767 Paphiaeque
1017 715 1241 762 columbae,

179 783 294 821 cedet
325 782 549 832 Erythraeis
579 790 689 821 eruta
717 795 875 832 gemma
903 781 1041 820 vadis:

123 849 194 886 sed
223 847 314 886 licet
342 849 441 886 haec
470 847 604 898 primis
634 847 789 886 nivibus
819 847 896 885 sint
924 848 1080 885 aemula
1109 847 1225 892 dona,

178 927 260 952 non
290 920 382 951 sunt
412 913 624 951 Parthenio
654 912 886 951 candidiora
915 925 998 950 suo.

123 992 204 1017 non
234 992 307 1029 ego
336 978 585 1028 praetulerim
617 979 844 1027 Babylonos
873 977 978 1028 picta
1007 977 1199 1027 superbae

177 1051 282 1082 texta
310 1043 542 1082 Samiramia
571 1057 672 1094 quae
701 1042 898 1081 variantur
925 1056 999 1081 acu
1015 1057 1025 1090 ,-

124 1123 205 1148 non
234 1110 504 1147 Athamanteo
533 1109 664 1159 potius
694 1123 757 1147 me
789 1108 904 1146 mirer
932 1108 972 1145 in
1001 1121 1107 1154 auro,

177 1174 364 1214 Aeolium
394 1177 521 1213 dones
551 1174 583 1213 si
613 1174 721 1222 mihi,
754 1173 907 1221 Phrixe,
938 1187 1071 1223 pecus.

125 1241 161 1280 O
192 1248 362 1290 quantos
392 1239 490 1278 risus
520 1239 664 1290 pariter
692 1247 868 1289 spectata
898 1238 1074 1277 movebit

178 1319 270 1344 cum
302 1305 481 1344 Palatina
510 1312 644 1344 nostra
672 1307 829 1343 lacerna
858 1307 973 1355 toga!

608 1411 749 1447 XXIX

125 1480 306 1519 Disticha
335 1480 404 1531 qui
433 1480 577 1528 scribit,
609 1488 717 1530 puto,
748 1481 831 1518 vult
860 1479 1050 1518 brevitate
1079 1480 1244 1529 placere.

178 1546 275 1596 quid
304 1547 466 1596 prodest
495 1542 676 1593 brevitas,
708 1545 773 1584 dic
802 1544 910 1592 mihi,
942 1544 974 1582 si
1003 1544 1101 1582 liber
1131 1546 1221 1582 est?

626 1647 744 1682 XXX

125 1716 206 1765 Qui
235 1730 343 1755 nunc
372 1717 589 1756 Caesareae
619 1718 726 1754 lusus
756 1723 955 1766 spectatur
982 1716 1164 1762 harenae,

179 1781 424 1832 temporibus
456 1781 566 1820 Bruti
595 1781 718 1831 gloria
747 1794 902 1819 summa
931 1780 1014 1818 fuit.

124 1847 267 1898 aspicis
297 1855 340 1886 ut
369 1855 500 1886 teneat
530 1848 709 1885 flammas
739 1859 948 1897 poenaque
977 1847 1126 1884 fruatur

179 1913 289 1951 fortis
319 1920 358 1951 et
385 1912 555 1951 attonito
584 1920 720 1963 regnet
749 1911 789 1950 in
818 1911 908 1962 igne
938 1914 1102 1949 manus!

124 1978 209 2029 ipse
238 1978 299 2017 sui
327 1986 525 2029 spectator
553 1979 665 2016 adest
694 1985 732 2016 et
761 1977 896 2016 nobile
925 1978 1084 2015 dextrae

179 2045 297 2082 funus
325 2051 458 2082 amat:
496 2043 588 2082 totis
617 2043 789 2094 pascitur
817 2043 882 2081 illa
911 2042 1010 2081 sacri
1044 2058 1053 2090 3

1349 83 1456 120 VIII

1422 535 1462 557 10

1424 860 1459 892 15

1423 1190 1462 1210 20

1444 1992 1460 2022 5

172 2147 326 2178 XXVIII
351 2157 371 2187 5
396 2148 488 2178 Tart.
502 2147 598 2179 Ital.:
623 2148 810 2178 artesiacus
820 2145 878 2176 ΒΑ
895 2158 901 2177 ;
925 2147 1132 2186 tarpesiacus
1151 2145 1201 2177 CA
1269 2146 1403 2176 hiberni
1416 2146 1465 2176 CA

127 2193 148 2222 6
172 2192 253 2233 ove]
271 2202 334 2223 ooe
349 2192 405 2222 BA
510 2202 526 2231 7
553 2191 655 2222 multa
673 2192 775 2222 fidum
795 2191 844 2221 CA
944 2191 964 2220 8
989 2191 1070 2221 orbe
1090 2190 1137 2221 CA
1242 2201 1263 2229 9
1287 2190 1393 2220 libere
1409 2190 1465 2220 ΒΑ

129 2236 162 2275 (i.
173 2247 198 2266 e.
219 2236 293 2274 liv-)
311 2248 318 2266 ε
342 2236 425 2266 liere
444 2230 493 2266 CA
585 2246 624 2266 12
647 2236 737 2266 albet
752 2234 826 2265 Ital.
923 2244 961 2272 14
985 2235 1078 2264 uadit
1097 2234 1145 2264 CA
1238 2243 1275 2272 15
1300 2233 1397 2273 primi
1416 2233 1465 2264 CA

131 2280 170 2309 18
194 2284 281 2310 testa
298 2279 354 2310 BA
436 2280 638 2309 sameramia
656 2278 711 2308 ΒΑ
726 2291 733 2310 z
757 2278 922 2309 sameraia
936 2277 985 2308 CA
1003 2282 1040 2308 ut
1055 2277 1118 2308 vzd.
1139 2277 1222 2316 (-aia
1232 2283 1296 2318 pro
1313 2277 1388 2313 -aia,
1408 2278 1426 2308 i.
1440 2289 1464 2308 e.

129 2323 245 2362 -amia)
418 2323 541 2354 XXIX
568 2332 580 2352 ι
607 2323 677 2353 vult
694 2333 760 2353 om.
779 2322 833 2352 BA
923 2332 942 2352 2
967 2322 995 2352 si
1011 2332 1076 2352 om.
1098 2321 1147 2352 CA

127 2367 250 2407 aspicit
265 2366 343 2397 BA:
366 2367 489 2406 aspicis
508 2366 555 2397 CA
572 2378 579 2397 ε
603 2366 743 2406 aspicite
763 2365 890 2397 Gruter.
983 2376 1003 2404 4
1028 2375 1145 2395 manos
1161 2364 1216 2395 BA

171 2431 278 2453 MART.
298 2431 349 2452 ΕΡ.
370 2431 417 2454 SC.
437 2431 491 2453 En.

1317 2321 1420 2351 XXX
1445 2331 1465 2360 3

1338 2420 1378 2451 12
