1648 2729
772 173 1240 212 EPIGRAMMATON
1273 173 1376 211 LIB.
1410 173 1428 209 1

96 298 198 335 quae
227 292 295 324 tua
323 280 731 323 traducit'manifesto
760 282 935 322 carmina
963 284 1077 322 furto.

96 350 151 388 sic
180 349 433 400 interpositus
462 349 555 387 villo
585 348 830 387 contaminat
858 356 981 387 uncto

96 414 232 453 urbica
262 414 504 465 Lingonicus
535 413 796 464 Tyrianthina
825 414 1144 460 bardocucullus,
1413 429 1429 460 5

97 480 152 518 sic
181 479 387 518 Arretinae
415 479 564 518 violant
593 478 816 529 crystallina
844 486 979 526 testae,

96 545 151 583 sic
180 544 289 595 niger
317 545 357 583 in
386 544 479 595 ripis
509 552 608 583 errat
638 558 728 582 cum
758 545 858 582 forte
888 543 1051 594 Caystri,

95 610 196 649 inter
225 612 405 649 Ledaeos
434 609 581 649 ridetur
609 623 749 649 corvus
779 610 918 656 olores,

97 675 153 714 sic
183 675 251 714 ubi
282 675 496 714 multisona
523 676 645 713 fervet
675 688 784 713 sacer
813 674 979 713 Atthide
1009 676 1133 721 lucus,

97 741 265 791 inproba
295 740 509 791 Cecropias
539 740 706 779 offendit
735 739 823 790 pica
852 741 1042 790 querelas.
1395 756 1433 777 10

97 806 229 845 indice
259 819 340 845 non
370 819 469 856 opus
500 814 558 845 est
586 805 730 844 nostris
759 819 833 844 nec
862 805 994 844 iudice
1022 804 1142 852 libris,

98 880 172 910 stat
202 881 339 910 contra
368 871 545 922 dicitque
574 871 646 910 tibi
675 880 742 910 tua
771 871 914 922 pagina
946 874 954 890 ‘
972 872 1050 909 Fur
1079 872 1145 909 es.’

611 988 708 1025 LIV

208 1070 247 1109 Si
277 1069 385 1120 quid,
419 1071 557 1117 Fusce,
588 1082 704 1107 vacas
733 1070 865 1108 adhuc
894 1068 1071 1107 amari—

208 1149 300 1174 nam
330 1143 421 1173 sunt
450 1135 543 1174 hinc
574 1134 656 1182 tibi,
688 1142 779 1173 sunt
808 1142 847 1173 et
876 1134 969 1173 hinc
997 1133 1180 1181 amici--,

208 1214 344 1248 unum,
376 1200 407 1238 si
436 1208 624 1251 superest,
656 1202 789 1238 locum
819 1213 1013 1249 rogamus,

208 1280 281 1305 nec
312 1280 387 1313 me,
418 1268 528 1316 quod
558 1265 629 1304 tibi
659 1265 732 1304 sim
762 1278 900 1313 novus,
931 1278 1111 1303 recuses:

208 1345 348 1370 omnes
377 1332 454 1369 hoc
483 1339 633 1370 veteres
663 1330 719 1369 tui
747 1332 914 1369 fuerunt.
1418 1348 1434 1377 5

208 1405 250 1435 tu
280 1404 433 1435 tantum
464 1396 614 1447 inspice
645 1395 712 1446 qui
742 1409 867 1434 novus
897 1403 1054 1445 paratur

207 1475 257 1500 an
288 1461 411 1511 possit
440 1461 522 1500 fieri
550 1469 662 1500 vetus
691 1460 849 1500 sodalis.

626 1584 698 1620 LV

101 1667 206 1704 Vota
235 1665 291 1703 tui
321 1664 489 1703 breviter
518 1665 549 1703 si
579 1664 635 1703 vis
665 1677 905 1715 cognoscere
937 1663 1074 1711 Marci,

156 1732 304 1769 clarum
335 1730 506 1777 militiae,
539 1731 698 1777 Fronto,
732 1738 926 1780 togaeque
955 1730 1089 1776 decus,

103 1798 180 1835 hoc
209 1795 317 1847 petit,
349 1809 435 1834 esse
465 1795 525 1834 sui
554 1809 629 1834 nec
658 1795 790 1845 magni
819 1795 916 1834 ruris
945 1802 1084 1842 arator,

156 1861 396 1911 sordidaque
425 1861 464 1899 in
495 1860 622 1911 parvis
651 1860 732 1899 otia
759 1861 876 1899 rebus
905 1868 1023 1898 amat.

104 1926 314 1977 quisquam
343 1926 448 1977 picta
478 1925 572 1965 colit
602 1925 783 1976 Spartani
813 1925 954 1976 frigora
984 1925 1065 1964 saxi
1421 1941 1437 1971 5

158 2000 196 2031 et
226 1992 463 2030 matutinum
494 1999 623 2042 portat
651 1990 809 2041 ineptus
840 1992 967 2038 Have,

105 2057 168 2095 cui
197 2057 288 2096 licet
318 2057 464 2096 exuviis
495 2056 667 2095 nemoris
697 2055 874 2106 rurisque
903 2056 1021 2094 beato

158 2130 250 2161 ante
279 2124 413 2161 focum
443 2123 580 2173 plenas
610 2121 844 2172 explicuisse
872 2122 1007 2171 plagas

148 2237 168 2266 3
192 2226 333 2257 crimina
353 2226 403 2256 CA
511 2237 544 2265 ,4
568 2225 771 2265 interposito
788 2224 862 2256 BA:
889 2224 1111 2264 interpositus
1126 2224 1176 2255 CA
1242 2224 1324 2254 uillo
1337 2223 1441 2255 Hein-

104 2272 195 2301 sius:
228 2270 305 2300 uilis
332 2270 407 2300 BA:
435 2269 517 2300 uitio
542 2269 592 2300 CA
617 2269 659 2311 <T
676 2274 740 2311 pro
762 2269 800 2307 L,
827 2269 839 2299 I
865 2273 926 2308 pro
945 2268 1010 2304 L):
1038 2268 1122 2300 vili.
1142 2293 1149 2300 .
1167 2291 1174 2299 .
1195 2278 1283 2299 unco
1303 2267 1437 2299 Scriver.

107 2326 122 2353 7
148 2319 261 2345 errant
277 2314 359 2344 AA:
383 2319 474 2344 errat
489 2313 597 2344 ΒΑΕΔ
729 2324 750 2353 9
773 2312 930 2353 Atthide]
949 2312 1029 2343 alite
1051 2312 1082 2343 T

150 2358 225 2388 LIV
247 2368 275 2388 2-
291 2358 345 2387 hic
362 2357 421 2387 tibi
439 2357 489 2388 CA

150 2401 209 2432 LV
231 2412 252 2441 3
277 2406 371 2441 petet
388 2400 444 2430 BA
461 2413 467 2432 :
491 2402 576 2440 petit
593 2401 643 2432 CA
745 2401 766 2430 6
789 2409 886 2430 auem
906 2399 956 2430 CA
1060 2409 1077 2439 7
1103 2399 1196 2430 exuti
1215 2398 1264 2430 CA
1353 2399 1442 2429 beati

108 2445 157 2476 CA
326 2446 347 2475 8
370 2444 573 2484 explicuisse
588 2444 665 2475 BA:
689 2444 891 2484 exposuisse
911 2443 960 2474 CA
