1648 2729
538 171 721 209 INDEX
759 170 1229 209 EPIGRAMMATON

273 282 408 312 Cedere
425 282 543 312 maiori
559 281 693 312 virtutis
709 281 798 312 fama
814 281 964 312 secunda
980 286 1033 312 est
1077 280 1139 321 Ep.
1157 290 1210 320 32.

275 325 423 356 Cenabis
438 326 540 364 belle,
557 325 621 356 Iuli
638 326 790 364 Cerialis,
809 326 899 364 apud
916 335 970 355 me
1016 324 1078 363 XI,
1095 335 1148 364 52.

276 369 400 407 Cenes,
418 370 600 407 Canthare‚
621 379 696 399 curn
713 369 796 400 foris
813 369 961 399 libenter
1006 368 1066 407 IX.
1086 380 1116 408 9.

277 413 372 444 Ceno
390 414 481 444 domi
498 415 668 452 quotiens,
688 413 752 443 nisi
771 418 815 452 te,
835 411 1041 452 Charopum,
1059 412 1179 443 vocavi
1223 413 1265 453 V,
1283 421 1336 451 50.

275 457 406 488 Censor
423 457 566 487 maxime
584 456 844 496 principumque
861 457 1020 496 princeps
1064 456 1123 495 VI,
1141 467 1172 494 4.

275 501 440 532 Centenis
457 502 547 540 quod
565 501 649 531 emis
668 510 792 539 pueros
809 505 842 530 et
858 510 961 539 saepe
979 500 1119 530 ducenis
1164 499 1226 540 ΙΙΙ,
1245 500 1296 531 62.

275 545 420 575 Centum
438 544 594 575 Coranus
613 549 646 575 et
663 545 811 574 ducenta
830 544 1008 574 Mancinus
1054 543 1110 583 IV,
1131 553 1184 582 37.

275 589 422 619 Centum
440 589 561 619 miselli
579 589 643 618 iam
660 588 770 618 valete
785 588 993 626 quadrantes
1040 586 1101 625 ΙΙΙ7
1122 597 1151 626 7.

273 632 425 662 Cernere
444 633 644 662 Parrhasios
661 633 739 662 dum
755 636 789 662 te
806 632 906 667 iuvat,
924 631 1024 668 Aule,
1044 631 1177 661 triones
1222 629 1279 669 VI,
1299 632 1352 669 58.

275 676 437 717 Cessatis,
457 676 564 716 pueri,
582 676 732 714 nihilque
748 676 856 706 nostis
901 674 962 714 III,
983 676 1034 713 67.

275 719 463 759 Chirurgus
478 719 600 757 fuerat,
619 730 708 749 nunc
727 724 778 749 est
795 718 927 757 vispillo
947 717 1087 748 Diaulus
1133 717 1158 758 Ι,
1177 728 1231 757 30.

275 763 433 794 Cinctum
452 763 576 802 togatis
593 769 669 803 post
686 767 720 793 et
736 767 814 793 ante
833 762 1007 792 Saufeium
1054 760 1097 801 II,
1120 772 1172 801 74.

276 807 432 845 Cinnam,
451 808 631 845 Cinname,
648 813 681 837 te
697 807 794 837 iubes
810 806 924 836 vocari
969 804 1027 844 VI,
1051 815 1099 844 17.

275 850 396 882 Clarus
412 851 532 882 fronde
548 851 647 889 Iovis,
668 850 814 881 Romani
831 849 918 880 fama
937 850 1098 880 cothurni
1142 849 1204 889 XI,
1223 860 1254 889 9.

275 894 418 925 Claudia
435 894 600 926 caeruleis
615 905 691 925 cum
708 894 751 925 sit
771 894 896 924 Rufina
914 892 1091 924 Britannis
1136 893 1198 932 XI,
1219 903 1270 932 53.

275 939 425 975 Claudia.
447 939 546 976 Rufe,
565 949 639 969 meo
654 938 749 968 nubit
760 937 947 976 Peregrina
965 937 1109 967 Pudenti
1156 937 1211 976 IV,
1234 947 1288 975 13.

275 982 427 1013 Clinicus
445 983 603 1024 Herodes
620 982 753 1012 trullam
770 981 980 1011 subduxerat
995 991 1100 1019 aegro
1146 980 1206 1021 IX,
1225 983 1278 1020 96.

277 1026 410 1066 Coepit,
430 1026 589 1065 Maxime,
610 1027 704 1056 Pana
721 1026 776 1064 qui
794 1024 924 1055 solebat
972 1024 997 1062 Ι,
1018 1026 1070 1063 69.

276 1070 379 1110 Cogis
395 1081 448 1100 me
463 1071 591 1101 calamo
603 1079 774 1108 manuque
792 1073 908 1098 nostra
950 1068 1027 1107 VII,
1049 1078 1097 1100 11.

275 1113 375 1153 Cogit
394 1125 446 1145 me
459 1114 557 1144 Titus
575 1114 716 1144 actitare
733 1123 851 1143 causas
899 1112 925 1150 Ι,
946 1121 993 1150 17.

275 1157 437 1188 Colchida
451 1158 532 1197 quid
549 1157 679 1194 scribis,
696 1157 778 1196 quid
795 1156 926 1193 scribis,
942 1155 1059 1193 amice.
1078 1155 1276 1195 Thyesten?
1320 1155 1360 1196 V,
1379 1165 1433 1194 53.

273 1201 523 1232 Commendare
540 1211 646 1239 meas,
659 1200 804 1231 Instanti
824 1200 924 1237 Rufe,
944 1199 1113 1230 Camenas
1157 1198 1235 1238 VII,
1253 1200 1308 1230 68.

276 1245 526 1276 Commendare
545 1250 637 1275 tuum
657 1245 734 1274 dum
751 1245 804 1274 vis
821 1244 903 1273 mihi
919 1244 1071 1273 carmine
1088 1253 1209 1273 munus
1253 1241 1331 1281 VII,
1350 1244 1403 1281 46.

274 1289 487 1320 Commendo
504 1290 576 1326 tibi,
596 1289 793 1327 Quintiane,
811 1292 946 1318 nostros
992 1286 1019 1324 Ι,
1037 1296 1089 1326 52.

277 1333 442 1365 Comoedi
458 1339 528 1364 tres
544 1339 635 1371 sunt,
653 1333 713 1363 sed
730 1336 819 1362 amat
833 1336 889 1361 tua
907 1330 1022 1367 Paula,
1042 1330 1196 1370 Luperce
1240 1329 1300 1368 VI,
1317 1331 1348 1362 6.

276 1377 419 1408 Concita
435 1377 573 1408 veloces
590 1377 722 1415 fugeret
739 1386 813 1406 cum
831 1375 964 1405 damma
983 1374 1152 1405 Molossos
1197 1374 1259 1414 Ep.
1277 1383 1330 1412 30.

275 1420 423 1452 Condita
440 1431 514 1452 cum
534 1421 593 1451 tibi
611 1421 654 1451 sit
672 1421 738 1450 iam
758 1419 996 1458 sexagensima
1013 1419 1134 1449 messis
1180 1417 1238 1456 IV,
1258 1418 1308 1457 78.

277 1464 446 1496 Conditus
463 1466 520 1496 hic
536 1475 600 1503 ego
617 1474 690 1495 sum
709 1463 807 1494 Bassi
827 1462 935 1499 dolor,
952 1462 1098 1492 Vrbicus
1115 1462 1227 1492 infans
1271 1461 1348 1500 VII,
1368 1463 1421 1500 96.

277 1507 444 1548 Coniugis
460 1509 611 1539 audisset
627 1507 731 1538 fatum
749 1516 823 1537 cum
842 1506 961 1536 Porcia
979 1505 1077 1536 Bruti
1124 1505 1150 1541 Ι,
1167 1516 1220 1544 42.

275 1552 466 1583 Consilium
483 1553 612 1583 formae
629 1551 805 1590 speculum
822 1550 996 1588 dulcisque
1016 1549 1158 1589 capillos
1204 1548 1266 1587 IX,
1287 1550 1336 1580 16.

275 1595 472 1634 Constituit,
492 1597 701 1633 Philomuse,
719 1598 816 1633 pater
832 1594 892 1624 tibi
908 1594 1001 1623 milia
1017 1593 1097 1624 bina
1143 1592 1205 1630 ΙΙΙ,
1227 1603 1276 1623 10.

276 1639 424 1671 Consule
441 1645 474 1671 te
491 1641 596 1670 Bruto
613 1639 703 1678 quod
722 1639 823 1675 iuras,
845 1637 977 1673 Lesbia,
996 1642 1109 1667 natam
1155 1636 1199 1675 X,
1216 1646 1269 1675 39.

276 1683 488 1723 Consumpta
505 1688 556 1714 est
572 1693 640 1713 uno
657 1683 685 1713 si
704 1682 861 1712 lemmate
880 1681 1017 1720 pagina.
1036 1681 1162 1711 transis
1207 1680 1252 1718 X,
1269 1689 1320 1719 59.

275 1727 470 1767 Contigeris
488 1731 633 1764 nostros,
651 1726 789 1763 Caesar,
808 1725 837 1755 si
854 1724 940 1755 sorte
956 1724 1090 1754 libellos
1135 1723 1162 1762 Ι,
1179 1734 1209 1762 4.

276 1771 429 1810 Contigit
446 1771 621 1801 Ausoniae
637 1779 816 1809 procerum
834 1768 1031 1799 mitissimus
1047 1768 1144 1798 aulae
1190 1766 1271 1805 XII,
1288 1768 1319 1798 6.

277 1814 459 1846 Continuis
475 1819 597 1845 vexata
613 1813 729 1844 madet
746 1812 917 1843 vindemia
935 1812 1059 1842 nimbis
1105 1810 1132 1849 Ι,
1150 1812 1202 1850 56.

277 1858 433 1889 Contulit
449 1859 491 1889 ad
508 1863 642 1888 saturas
659 1857 813 1896 ingentia
830 1861 968 1895 pectora
985 1855 1121 1885 Turnus
1169 1853 1232 1893 XI,
1255 1864 1305 1885 10.

277 1901 453 1942 Coponem
470 1903 665 1940 laniumque
682 1901 909 1938 balneumque
957 1899 1001 1936 ΙΙ,
1019 1900 1073 1937 48.

277 1946 437 1984 Cosconi,
457 1946 514 1985 qui
532 1946 635 1984 longa
651 1949 750 1984 putas
766 1944 1011 1983 epigrammata
1028 1946 1143 1973 nostra
1190 1941 1235 1979 II,
1254 1951 1305 1980 77.

276 1990 453 2021 Cosmicos
470 2000 545 2020 esse
562 1989 634 2026 tibi,
653 1987 835 2027 Semproni
852 1986 976 2023 Tucca,
993 1986 1122 2016 videris
1165 1984 1242 2023 VII,
1255 1995 1307 2023 41.

276 2033 400 2071 Cotile‚
418 2034 527 2064 bellus
542 2033 644 2062 homo
663 2042 700 2062 es
716 2043 722 2061 :
744 2032 860 2061 dicunt
876 2030 954 2068 hoc,
972 2029 1094 2067 Cotile,
1112 2029 1208 2059 multi
1255 2027 1318 2066 III,
1335 2028 1388 2067 63.

276 2077 361 2108 Cras
380 2083 415 2108 te
428 2078 606 2113 victurum,
624 2086 698 2106 cras
716 2075 813 2112 dicis,
833 2074 1006 2112 Postume,
1024 2083 1162 2112 semper
1205 2071 1247 2110 V,
1265 2072 1318 2111 58.

276 2121 380 2152 Credi
395 2122 527 2159 virgine
545 2120 672 2150 castior
686 2119 810 2158 pudiea
855 2116 913 2155 IV,
930 2118 959 2148 6.

277 2165 399 2195 Credis
415 2165 458 2195 ob
473 2165 557 2194 haec
575 2174 639 2201 me,
659 2163 792 2199 Pastor,
811 2171 894 2200 opes
909 2161 1052 2191 sortasse
1070 2169 1190 2199 rogare
1237 2158 1299 2196 IX,
1319 2169 1371 2188 22.
1404 2166 1407 2170 ’

275 2208 380 2239 Creta
396 2209 491 2239 dedit
507 2217 679 2247 magnum,
697 2206 805 2236 maius
820 2205 913 2235 dedit
929 2204 1048 2234 Africa
1064 2213 1188 2234 nomen
1234 2202 1279 2241 ΙΙ,
1297 2212 1328 2233 2.

277 2251 381 2282 Crine
398 2252 510 2289 ruber,
529 2253 628 2290 niger
643 2260 714 2286 ore7
732 2249 845 2279 brevis
863 2248 962 2287 pede,
981 2248 1107 2278 lumine
1125 2247 1237 2277 laesus
1282 2244 1363 2284 XII,
1380 2255 1434 2284 54.

277 2296 340 2326 Cui
357 2295 483 2334 legisse
499 2296 582 2325 satis
598 2304 665 2324 non
685 2297 737 2324 est
755 2293 1001 2331 epigrammata
1017 2296 1154 2321 centum
1201 2289 1227 2328 1,
1246 2290 1317 2320 118.

277 2339 383 2369 Cuius
399 2340 449 2369 vis
466 2339 549 2375 fieri,
567 2337 692 2374 libelle,
710 2337 855 2367 munus?
901 2334 964 2373 ΙΙΙ,
983 2345 1014 2365 2.

277 2384 361 2413 Cum
378 2382 691 2422 †cathedratalios†
708 2384 820 2420 portet
838 2378 898 2409 tibi
915 2378 1018 2409 raeda
1036 2377 1207 2408 ministros
1255 2375 1300 2414 X,
1321 2386 1370 2414 14.

277 2426 360 2457 Cum
377 2437 491 2457 comes
508 2425 646 2456 Arctois
661 2425 820 2454 haereret
836 2422 995 2453 Caesaris
1011 2422 1114 2452 armis
1159 2419 1220 2458 IX,
1239 2428 1292 2458 31.

277 2470 361 2500 Cum
380 2470 458 2500 data
473 2470 542 2500 sint
558 2469 665 2508 equiti
685 2468 737 2498 bis
753 2467 857 2506 quina
873 2466 1086 2502 nomismata,
1101 2474 1205 2504 quare
1251 2462 1278 2502 1,
1299 2472 1350 2494 11.
