1648 2729
222 163 277 200 M.
309 162 432 200 VAL.
466 162 782 201 MARTIALIS

705 274 845 311 XXVI

221 353 441 401 Seminane,
475 353 577 393 bibis
607 362 799 404 quantum
830 354 1016 393 subsellia
1045 355 1222 405 quinque

274 420 404 458 solus:
445 433 548 469 aqua
577 418 721 458 totiens
751 419 881 458 ebrius
911 433 997 458 esse
1026 428 1139 470 potes
1156 435 1166 468 3

219 498 294 523 nec
323 498 598 523 consessorum
628 483 757 522 vicina
786 484 1025 523 nomismata
1054 494 1220 533 tantum,

273 563 363 588 aera
391 551 461 588 sed
490 563 513 587 a
542 548 678 588 cuneis
709 549 892 588 ulteriora
921 550 1033 600 petis.

220 628 301 653 non
331 616 428 652 haec
459 614 654 663 Paelignis
683 614 808 664 agitur
836 614 1037 653 vindemia
1066 615 1183 665 prelis

274 693 349 717 uva
378 693 453 717 nec
482 678 521 717 in
551 679 693 717 Tuscis
723 679 896 717 nascitur
925 679 999 718 ista
1027 680 1138 730 iugis,

219 752 318 782 testa
347 745 417 782 sed
446 743 598 793 antiqui
627 743 718 782 felix
747 744 915 783 siccatur
944 744 1092 794 Opimi,

273 808 392 858 egerit
422 817 459 847 et
489 808 620 858 nigros
652 809 825 847 Massica
853 811 952 847 cella
981 811 1113 848 cados.

219 875 255 911 A
285 887 440 924 copone
470 873 540 912 tibi
569 875 656 912 faex
687 876 874 912 Laletana
903 883 1069 924 petatur,

273 938 303 977 si
333 941 420 989 plus
450 952 569 989 quam
600 939 743 986 decies,
775 939 996 987 Sextiliane‚
1030 939 1143 979 bibis.

696 1062 858 1099 XXVII

329 1143 528 1180 Hesterna
557 1141 628 1180 tibi
657 1150 775 1180 nocte
804 1142 1039 1190 dixeramus,

327 1206 571 1256 quincunces
600 1215 697 1256 puto
727 1215 816 1258 post
845 1209 985 1246 decem
1015 1216 1207 1258 peractos,

327 1285 488 1310 cenares
518 1271 650 1319 hodie,
683 1272 863 1319 Procille,
895 1286 1065 1311 mecum.

326 1345 368 1374 tu
396 1338 541 1375 factam
571 1336 642 1375 tibi
672 1351 754 1375 rem
784 1337 915 1375 statim
945 1337 1092 1387 putasti

325 1409 363 1440 et
392 1415 474 1440 non
504 1402 634 1441 sobria
662 1403 781 1441 verba
811 1403 1033 1442 subnotasti

325 1469 506 1517 exemplo
535 1467 702 1505 nimium
732 1467 978 1517 periculoso:

325 1536 424 1583 μισῶ
451 1534 623 1583 μνάμονα
651 1534 859 1583 συμπόταν,
891 1533 1069 1572 Procille.

681 1650 868 1687 XXVIII

220 1731 421 1768 Hesterno
450 1730 571 1768 fetere
601 1744 710 1768 mero
740 1730 808 1780 qui
838 1730 962 1769 credit
990 1732 1191 1778 Acerram,

271 1794 440 1833 fallitur:
484 1794 523 1832 in
555 1797 684 1833 lucem
715 1809 870 1846 semper
899 1797 1045 1835 Acerra
1073 1795 1183 1834 bibit.

703 1912 844 1950 XXIX

224 1992 345 2029 Fama
374 1991 488 2029 refert
518 1999 672 2030 nostros
702 2000 750 2039 te,
784 1992 1005 2040 Fidentine,
1037 1992 1191 2032 libellos

275 2069 356 2094 non
385 2055 496 2093 aliter
525 2057 674 2105 populo
704 2070 823 2107 quarn
854 2057 1016 2097 recitare
1046 2066 1146 2097 tuos.

281 2134 369 2159 mea
397 2119 454 2158 vis
485 2119 574 2167 dici,
605 2121 721 2170 gratis
751 2122 822 2160 tibi
851 2122 1025 2160 carmina
1054 2123 1230 2162 mittam:

271 2185 303 2224 si
332 2184 411 2224 dici
440 2193 507 2223 tua
539 2184 606 2232 vis,
639 2187 715 2224 hoc
746 2200 843 2234 erne,
876 2201 926 2226 ne
956 2201 1044 2226 mea
1073 2188 1161 2227 sint.

1518 955 1557 978 10

260 2289 376 2319 XXVI
401 2300 420 2327 4
446 2289 537 2328 petis
548 2288 627 2320 BA:
651 2289 735 2320 bibis
750 2289 798 2320 CA
852 2302 872 2331 9
897 2291 1070 2322 Laeetana
1081 2292 1363 2323 Friedlaenderad
1376 2293 1400 2324 1.
1418 2293 1498 2324 xlix.
1515 2303 1555 2323 22

260 2333 393 2363 XXVII
418 2343 438 2362 2
460 2333 516 2371 qui
542 2343 630 2363 nunc
653 2338 705 2364 est
724 2334 774 2364 CA
947 2345 979 2374 3,
1000 2346 1016 2374 7
1042 2336 1191 2374 procelle
1217 2336 1296 2367 BA:
1332 2337 1473 2375 procille
1503 2337 1553 2368 CA

217 2389 234 2415 4
261 2376 383 2407 saetam
412 2375 467 2404 BA
486 2380 518 2416 (e
530 2381 593 2416 pro
609 2386 640 2417 c)
1032 2379 1184 2410 XXVIII
1209 2379 1281 2411 hab.
1303 2379 1338 2410 R

263 2419 385 2450 XXIX
408 2419 480 2451 hab.
507 2419 537 2450 T
662 2431 681 2459 4
705 2420 770 2451 hoc
787 2431 853 2452 om.
880 2421 926 2452 T:
951 2422 1034 2453 haec
1052 2422 1127 2454 Ital.
1146 2434 1154 2454 ι
1178 2433 1221 2454 en
1238 2422 1457 2455 Schneidewin
