1648 2729
203 143 258 179 M.
290 141 413 179 VAL.
447 140 761 178 MARTIALIS

205 253 400 293 ‘Causas'
429 252 560 303 inquis
592 255 726 302 ‘agam
759 251 953 292 Cicerone
982 250 1163 290 disertior
1191 251 1278 302 ipso

254 325 375 368 atque
403 317 475 356 erit
504 317 544 355 in
574 317 715 367 triplici
744 330 814 367 par
843 316 940 354 mihi
968 330 1088 355 nemo
1118 318 1227 355 foro.'

204 382 295 433 Egit
322 383 528 422 Atestinus
558 396 695 421 causas
725 390 763 421 et
793 381 1169 432 Civis—utrumque
1517 401 1534 432 5

256 462 450 497 noras—3
480 450 550 487 sed
579 447 707 486 neutri
737 447 877 498 pensio
906 455 990 486 tota
1018 447 1101 485 fuit.

204 512 269 552 ‘Si
298 512 396 550 nihil
426 512 519 551 hinc
548 512 689 559 veniet,
721 519 942 562 pangentur
969 511 1144 550 carmina
1173 510 1313 550 nobis:

254 577 439 626 audieris,
467 577 576 616 dices
606 590 691 615 esse
722 576 900 615 Maronis
929 578 1055 626 opus.'

204 643 386 681 Insanis:
425 656 563 681 omnes
592 642 730 692 gelidis
761 641 1002 691 quicumque
1031 641 1197 680 lacernis

256 715 347 746 sunt
375 707 441 755 ibi,
474 709 656 746 Nasones
686 706 960 756 Vergiliosque
988 706 1110 745 vides.
1496 721 1536 745 10

206 772 340 811 ‘Atria
370 785 512 822 magna
541 773 694 810 colam.'
742 771 818 809 Vix
847 779 923 810 tres
953 778 1020 809 aut
1050 778 1235 822 quattuor
1264 770 1337 809 ista

256 851 315 877 res
344 837 451 884 aluit,
482 839 602 888 pallet
631 844 760 875 cetera
789 836 904 874 turba
932 837 1047 875 fame.

205 903 340 953 ‘Quid
368 903 539 942 faciam?
578 903 727 941 suade:
767 916 859 940 nam
889 910 1041 940 certum
1071 910 1129 940 est
1158 901 1288 941 vivere
1319 903 1499 941 Romae.’

257 968 298 1008 Si
328 969 457 1007 bonus
488 982 541 1015 es,
572 981 666 1006 casu
696 967 836 1014 vivere,
870 969 997 1015 Sexte,
1029 975 1155 1017 potes.

642 1051 717 1087 XL
745 1049 876 1101 (XLI)

204 1118 357 1154 Inserta
384 1114 541 1165 phialae
573 1114 767 1153 Mentoris
798 1128 919 1152 manu
948 1115 1068 1153 ducta

202 1183 345 1220 lacerta
373 1181 466 1219 vivit
496 1188 534 1219 et
563 1180 722 1219 timetur
750 1188 966 1230 argentum.

643 1269 739 1306 XLI
768 1267 875 1319 (XL)

203 1335 346 1372 Mutua
375 1334 484 1383 quod
513 1333 629 1372 nobis
659 1341 716 1372 ter
745 1333 1024 1383 quinquagena
1053 1332 1198 1372 dedisti

255 1412 302 1438 ex
330 1398 473 1449 opibus
502 1398 632 1445 tantis,
663 1412 760 1449 quas
789 1397 914 1448 gravis
943 1411 1034 1436 arca
1062 1397 1214 1448 premit,

201 1477 287 1502 esse
316 1463 387 1502 tibi
416 1477 594 1514 magnus,
625 1463 821 1511 Telesine,
852 1462 995 1501 videris
1023 1462 1185 1502 amicus.

254 1530 318 1567 Tu
348 1542 524 1579 magnus,
557 1530 666 1579 quod
696 1530 799 1567 das?
836 1528 960 1567 immo
990 1542 1074 1579 ego,
1107 1528 1216 1578 quod
1245 1526 1396 1578 recipis.

686 1617 829 1654 XLIII

204 1681 385 1720 Mentiris
414 1681 597 1720 iuvenem
627 1680 770 1728 tinctis,
803 1680 978 1728 Laetine,
1011 1680 1172 1731 capillis,

255 1754 335 1785 tam
366 1746 498 1785 subito
527 1760 677 1794 corvus,
710 1746 778 1796 qui
808 1747 930 1784 modo
960 1759 1106 1795 cycnus
1136 1758 1232 1783 eras.

202 1825 283 1850 non
312 1825 451 1850 omnes
481 1811 580 1849 fallis
646 1811 718 1849 scit
746 1818 784 1850 te
814 1810 1049 1860 Proserpina
1077 1823 1245 1848 canum:

254 1889 463 1927 personam
493 1875 612 1926 capiti
641 1877 821 1915 detrahet
849 1875 915 1914 illa
943 1883 1023 1914 tuo.

697 1966 835 2002 XLIV

310 2029 491 2068 Occurrit
521 2029 592 2067 tibi
622 2043 740 2068 nemo
771 2031 880 2079 quod
909 2029 1087 2075 libenter,

310 2096 430 2144 quod,
463 2107 714 2144 quacumque
744 2094 864 2140 venis,
896 2096 987 2144 fuga
1016 2101 1075 2132 est
1104 2100 1142 2131 et
1170 2092 1308 2142 ingens

246 2198 435 2229 XXXVIII
453 2208 472 2236 3
490 2199 646 2229 disertior
661 2198 721 2228 ΑΛ
740 2198 933 2238 (discretior
955 2198 1001 2233 T)
1025 2197 1073 2228 CA
1088 2209 1095 2228 z
1118 2196 1277 2228 disertius
1295 2195 1351 2225 BA
1428 2195 1450 2225 6
1466 2205 1536 2225 non

202 2252 278 2273 oras
294 2243 354 2273 sed
371 2242 415 2272 T:
442 2252 582 2272 norasse
596 2241 651 2271 ΒΑ
742 2252 759 2281 7
784 2246 969 2281 tangentur
982 2241 1029 2272 CA
1119 2250 1158 2270 12
1181 2240 1272 2271 aliud
1285 2239 1334 2271 CA
1351 2239 1399 2280 (iu
1409 2243 1472 2280 pro
1488 2238 1534 2279 ui)

246 2286 309 2316 XL
336 2295 351 2315 1
378 2287 492 2316 ductat
516 2285 572 2315 BA

246 2329 326 2359 XLI
352 2329 426 2360 hab.
459 2329 488 2359 T
571 2339 591 2368 3
616 2339 644 2360 e.
664 2333 686 2359 t.
705 2329 771 2359 lete
789 2329 816 2359 si
834 2338 976 2367 magnus
993 2327 1118 2358 uiueris
1137 2327 1186 2358 CA
1284 2337 1303 2365 4
1329 2335 1471 2365 magnos
1489 2325 1537 2356 CA

248 2373 364 2402 XLIII
389 2373 463 2404 hab.
484 2373 517 2403 R
649 2382 668 2410 3
692 2372 779 2403 fallis
795 2372 929 2405 AABA:
954 2372 1052 2402 falles
1070 2371 1118 2402 CA
1136 2373 1213 2411 (pm
1230 2370 1272 2401 -is
1281 2370 1308 2410 Ρ)

247 2416 361 2447 XLIV
385 2415 459 2446 lzab.
482 2416 512 2446 T
628 2426 641 2446 1
669 2416 725 2455 qui
748 2416 778 2447 T
