1648 2729
162 137 216 173 M.
249 137 371 174 VAL.
405 137 720 176 MARTIALIS

162 250 321 297 deinde,
352 251 462 300 quod
492 251 592 289 haec
621 265 700 290 una
729 251 879 302 peragit
908 251 1087 291 librarius
1117 253 1227 300 hora,
1480 269 1497 300 5

217 329 291 354 nec
321 323 475 354 tantum
505 316 619 366 nugis
649 316 789 355 serviet
818 317 883 356 ille
913 317 1035 366 meis3

163 380 275 419 tertia
304 394 364 419 res
395 382 493 429 haec
522 389 591 428 est,
624 383 734 431 quod
763 382 795 420 si
824 382 888 420 cui
918 384 1017 421 forte
1045 382 1214 433 legeris„

217 446 268 484 sis
298 446 389 485 licet
418 460 545 496 usque
574 449 711 494 malus,
744 461 826 486 non
856 448 1019 487 odiosus
1049 448 1137 487 eris.

164 520 202 550 te
231 512 398 550 conviva
423 513 526 562 leget
555 512 677 552 mixto
706 513 942 563 quincunce,
975 515 1045 552 sed
1074 521 1166 552 ante

218 576 380 627 incipiat
409 577 560 627 positus
589 591 709 628 quarn
740 578 912 629 tepuisse
941 578 1052 617 calix.
1464 595 1504 617 10

169 644 266 680 Esse
295 642 366 680 tibi
397 650 505 681 tanta
534 651 672 681 cautus
704 643 894 683 brevitate
922 644 1097 683 videris?

222 707 269 745 Ei
300 707 406 755 mihi,
439 721 559 758 quam
590 708 722 746 multis
752 708 808 747 sic
837 723 998 759 quoque
1027 711 1168 759 longus
1198 709 1298 748 eris!

709 815 750 851 ΙΙ

167 887 285 924 Creta
314 885 424 924 dedit
454 899 653 936 magnum,
685 886 812 925 maius
842 887 953 926 dedit
982 887 1115 926 Africa
1144 900 1304 935 nomen,

222 950 355 1000 Scipio
385 952 495 1001 quod
523 951 648 990 victor
676 954 866 1002 quodque
898 954 1084 991 Metellus
1115 953 1260 999 habet3

168 1015 339 1054 nobilius
369 1016 523 1055 domito
553 1016 688 1055 tribuit
718 1018 931 1056 Germania
967 1019 1123 1065 Rheno,

223 1089 261 1119 et
290 1095 387 1132 puer
415 1083 492 1120 hoc
522 1082 675 1132 dignusv
694 1083 868 1131 nomine,
902 1084 1058 1131 Caesar,
1091 1097 1186 1122 eras.

169 1149 283 1185 frater
313 1148 528 1186 Idumaeos
558 1148 700 1186 meruit
729 1162 821 1187 curn
851 1156 960 1199 patre
990 1149 1223 1199 triumphos,
1488 1164 1506 1195 5

224 1225 324 1261 quae
355 1214 469 1251 datur
498 1227 545 1252 ex
575 1213 730 1253 Chattis
760 1216 902 1262 laurea,
934 1222 1017 1253 tota
1046 1222 1113 1253 tua
1143 1222 1213 1253 est.

697 1322 764 1359 III

171 1396 295 1437 Sexte,
329 1391 425 1429 nihil
455 1392 590 1438 debes,
622 1391 677 1429 nil
706 1392 839 1439 debes,
872 1393 1001 1439 Sexte,
1030 1393 1210 1430 fatemur.

225 1457 345 1495 debet
375 1456 492 1503 enim,
525 1456 557 1495 si
587 1456 674 1507 quis
705 1458 867 1504 solvere,
899 1458 1026 1504 Sexte,
1057 1464 1200 1507 potest.

712 1561 750 1596 V

174 1638 236 1674 Ne
265 1638 431 1683 valeam,
460 1636 492 1674 si
522 1650 602 1674 non
633 1636 734 1683 totis,
769 1636 956 1683 Deciane,
989 1636 1129 1674 diebus

227 1709 265 1739 et
295 1708 427 1739 tecum
457 1701 549 1740 totis
579 1702 764 1740 noctibus
794 1715 879 1740 esse
909 1701 1037 1739 velim.

175 1768 243 1805 sed
274 1767 355 1805 duo
386 1775 476 1805 sunt
505 1781 607 1817 quae
636 1781 708 1806 nos
738 1767 970 1816 disiungunt
999 1766 1107 1804 milia
1135 1779 1322 1815 passum:

229 1840 414 1882 quattuor
443 1834 540 1871 haec
570 1834 679 1879 fiunt,
711 1846 803 1870 cum
832 1831 1026 1870 rediturus
1056 1845 1157 1870 eam.

176 1911 293 1948 saepe
322 1898 432 1936 domi
462 1911 544 1936 non
574 1911 626 1945 es,
658 1911 749 1936 cum
779 1897 830 1936 sis
861 1911 1030 1948 quoque,
1064 1910 1182 1946 saepe
1212 1895 1387 1947 negaris:
1491 1912 1507 1942 5

230 1965 291 2001 vel
321 1971 474 2001 tantum
505 1963 633 2002 causis
662 1965 724 2002 vel
753 1963 825 2001 tibi
855 1977 972 2013 saepe
1001 1976 1130 2001 vacas.

178 2038 214 2066 te
245 2037 377 2067 tamen
407 2037 449 2067 ut
478 2029 644 2076 videam,
678 2031 759 2068 duo
790 2028 897 2067 milia
925 2042 1006 2067 non
1035 2027 1142 2078 piget
1171 2027 1225 2065 ire
1239 2042 1249 2075 3

232 2101 272 2131 ut
303 2101 340 2132 te
370 2107 451 2132 non
480 2094 649 2141 videam,
681 2101 866 2144 quattuor
894 2094 948 2132 ire
978 2093 1095 2144 piget.

201 2198 235 2262 J
262 2208 280 2236 5
307 2199 437 2246 pler-agit
455 2198 594 2228 AABA:
621 2203 760 2238 peraget
782 2198 832 2229 CA
965 2208 981 2237 7
1008 2198 1141 2236 legeres
1163 2196 1212 2227 CA
1343 2196 1364 2225 8
1386 2195 1414 2226 si
1434 2194 1513 2225 licet

181 2241 360 2316 Cllutllogg·
378 2285 407 2315 T
544 2295 564 2324 3
589 2285 723 2316 domino
743 2285 792 2315 CA
934 2295 953 2323 4
979 2283 1134 2324 nomine]
1162 2292 1303 2313 munere
1322 2282 1419 2322 prius
1435 2282 1513 2312 scri-

176 2332 285 2369 pserat
303 2329 357 2358 BA
739 2329 787 2359 III
813 2328 886 2359 lmb.
908 2329 941 2358 R

222 2372 252 2401 V
276 2372 349 2401 lzab.
374 2371 403 2401 T
540 2382 559 2401 2
582 2376 654 2411 post
669 2384 699 2404 v.
721 2384 740 2412 4
759 2376 795 2402 ut
809 2373 874 2404 vid.
896 2372 946 2403 CA
1085 2381 1105 2410 3
1129 2370 1325 2409 disiungunt
1341 2369 1423 2399 AA:
1447 2368 1513 2399 dis-

180 2415 315 2454 tingunt
333 2415 484 2457 (guum)
501 2415 608 2446 ΒΑΘ*-
