<?xml version="1.0" encoding="UTF-8"?>
<!DOCTYPE html PUBLIC "-//W3C//DTD XHTML 1.0 Transitional//EN"
    "http://www.w3.org/TR/xhtml1/DTD/xhtml1-transitional.dtd">
<html xmlns="http://www.w3.org/1999/xhtml" xml:lang="en" lang="en">
 <head>
  <title>
</title>
<meta http-equiv="Content-Type" content="text/html;charset=utf-8" />
  <meta name='ocr-system' content='tesseract 3.04.00' />
  <meta name='ocr-capabilities' content='ocr_page ocr_carea ocr_par ocr_line ocrx_word'/>
</head>
<body>
  <div class='ocr_page' id='page_1' title='image "./epigrammatasele00martuoft_0232.png"; bbox 0 0 1648 2729; ppageno 0'>
   <div class='ocr_carea' id='block_1_1' title="bbox 177 158 737 197">
    <p class='ocr_par' dir='ltr' id='par_1_1' title="bbox 177 158 737 197">
     <span class='ocr_line' id='line_1_1' title="bbox 177 158 737 197; baseline 0 -1"><span class='ocrx_word' id='word_1_1' title='bbox 177 161 233 197; x_wconf 88' lang='lat' dir='ltr'>M.</span> <span class='ocrx_word' id='word_1_2' title='bbox 266 159 389 196; x_wconf 88' lang='lat' dir='ltr'><strong>VAL.</strong></span> <span class='ocrx_word' id='word_1_3' title='bbox 421 158 737 197; x_wconf 88' lang='lat' dir='ltr'>MARTIALIS</span> 
     </span>
    </p>
   </div>
   <div class='ocr_carea' id='block_1_2' title="bbox 176 270 1269 387">
    <p class='ocr_par' dir='ltr' id='par_1_2' title="bbox 176 270 1269 387">
     <span class='ocr_line' id='line_1_2' title="bbox 176 270 1269 321; baseline 0.001 -12"><span class='ocrx_word' id='word_1_4' title='bbox 176 279 218 309; x_wconf 89' lang='lat' dir='ltr'>ut</span> <span class='ocrx_word' id='word_1_5' title='bbox 248 278 408 321; x_wconf 86' lang='lat' dir='ltr'>captum</span> <span class='ocrx_word' id='word_1_6' title='bbox 438 278 585 318; x_wconf 85' lang='lat' dir='ltr'>teneas,</span> <span class='ocrx_word' id='word_1_7' title='bbox 616 277 733 320; x_wconf 86' lang='lat' dir='ltr'>capto</span> <span class='ocrx_word' id='word_1_8' title='bbox 763 283 923 320; x_wconf 85' lang='lat' dir='ltr'>quoque</span> <span class='ocrx_word' id='word_1_9' title='bbox 953 284 1118 309; x_wconf 85' lang='lat' dir='ltr'>munera</span> <span class='ocrx_word' id='word_1_10' title='bbox 1147 270 1269 319; x_wconf 86' lang='lat' dir='ltr'>mitte,</span> 
     </span>
     <span class='ocr_line' id='line_1_3' title="bbox 231 335 1094 387; baseline -0.001 -12"><span class='ocrx_word' id='word_1_11' title='bbox 231 337 282 375; x_wconf 90' lang='lat' dir='ltr'>de</span> <span class='ocrx_word' id='word_1_12' title='bbox 311 350 431 375; x_wconf 85' lang='lat' dir='ltr'>cavea</span> <span class='ocrx_word' id='word_1_13' title='bbox 460 335 583 386; x_wconf 86' lang='lat' dir='ltr'>fugiat</span> <span class='ocrx_word' id='word_1_14' title='bbox 613 349 662 374; x_wconf 89' lang='lat' dir='ltr'>ne</span> <span class='ocrx_word' id='word_1_15' title='bbox 692 337 795 375; x_wconf 83' lang='lat' dir='ltr'>male</span> <span class='ocrx_word' id='word_1_16' title='bbox 824 343 960 386; x_wconf 87' lang='lat' dir='ltr'>pastus</span> <span class='ocrx_word' id='word_1_17' title='bbox 990 349 1094 387; x_wconf 87' lang='lat' dir='ltr'>aper.</span> 
     </span>
    </p>
   </div>
   <div class='ocr_carea' id='block_1_3' title="bbox 627 482 844 519">
    <p class='ocr_par' dir='ltr' id='par_1_3' title="bbox 627 482 844 519">
     <span class='ocr_line' id='line_1_4' title="bbox 627 482 844 519; baseline 0 0"><span class='ocrx_word' id='word_1_18' title='bbox 627 482 844 519; x_wconf 88' lang='lat' dir='ltr'>LXXXIX</span> 
     </span>
    </p>
   </div>
   <div class='ocr_carea' id='block_1_4' title="bbox 180 562 1282 680">
    <p class='ocr_par' dir='ltr' id='par_1_4' title="bbox 180 562 1282 680">
     <span class='ocr_line' id='line_1_5' title="bbox 180 562 1160 614; baseline 0 -13"><span class='ocrx_word' id='word_1_19' title='bbox 180 566 283 614; x_wconf 85' lang='lat' dir='ltr'>Lege</span> <span class='ocrx_word' id='word_1_20' title='bbox 313 563 430 602; x_wconf 87' lang='lat' dir='ltr'>nimis</span> <span class='ocrx_word' id='word_1_21' title='bbox 460 565 558 602; x_wconf 86' lang='lat' dir='ltr'>dura</span> <span class='ocrx_word' id='word_1_22' title='bbox 587 562 795 601; x_wconf 84' lang='lat' dir='ltr'>convivam</span> <span class='ocrx_word' id='word_1_23' title='bbox 825 562 996 602; x_wconf 88' lang='lat' dir='ltr'>scribere</span> <span class='ocrx_word' id='word_1_24' title='bbox 1024 576 1160 602; x_wconf 86' lang='lat' dir='ltr'>versus</span> 
     </span>
     <span class='ocr_line' id='line_1_6' title="bbox 232 628 1282 680; baseline -0.001 -12"><span class='ocrx_word' id='word_1_25' title='bbox 232 628 349 680; x_wconf 83' lang='lat' dir='ltr'>cogis,</span> <span class='ocrx_word' id='word_1_26' title='bbox 383 630 532 668; x_wconf 80' lang='lat' dir='ltr'>Stella?</span> <span class='ocrx_word' id='word_1_27' title='bbox 591 628 726 667; x_wconf 81' lang='lat' dir='ltr'>‘Licet</span> <span class='ocrx_word' id='word_1_28' title='bbox 754 628 924 668; x_wconf 85' lang='lat' dir='ltr'>scribere</span> <span class='ocrx_word' id='word_1_29' title='bbox 954 642 1100 679; x_wconf 80' lang='lat' dir='ltr'><strong>nempe</strong></span> <span class='ocrx_word' id='word_1_30' title='bbox 1130 629 1282 668; x_wconf 86' lang='lat' dir='ltr'>malos.&#39;</span> 
     </span>
    </p>
   </div>
   <div class='ocr_carea' id='block_1_5' title="bbox 286 765 1525 1881">
    <p class='ocr_par' dir='ltr' id='par_1_5' title="bbox 286 765 1525 1881">
     <span class='ocr_line' id='line_1_7' title="bbox 701 765 776 804; baseline 0.027 -2"><span class='ocrx_word' id='word_1_31' title='bbox 701 765 776 804; x_wconf 92' lang='lat' dir='ltr'>XC</span> 
     </span>
     <span class='ocr_line' id='line_1_8' title="bbox 286 846 992 898; baseline -0.003 -11"><span class='ocrx_word' id='word_1_32' title='bbox 286 848 351 887; x_wconf 89' lang='lat' dir='ltr'>Sic</span> <span class='ocrx_word' id='word_1_33' title='bbox 379 847 419 886; x_wconf 91' lang='lat' dir='ltr'>in</span> <span class='ocrx_word' id='word_1_34' title='bbox 448 846 625 898; x_wconf 85' lang='lat' dir='ltr'>gramine</span> <span class='ocrx_word' id='word_1_35' title='bbox 654 846 796 885; x_wconf 87' lang='lat' dir='ltr'>florido</span> <span class='ocrx_word' id='word_1_36' title='bbox 824 846 992 895; x_wconf 88' lang='lat' dir='ltr'>reclinis,</span> 
     </span>
     <span class='ocr_line' id='line_1_9' title="bbox 287 912 1121 964; baseline 0 -12"><span class='ocrx_word' id='word_1_37' title='bbox 287 927 366 964; x_wconf 86' lang='lat' dir='ltr'>qua</span> <span class='ocrx_word' id='word_1_38' title='bbox 393 912 688 964; x_wconf 85' lang='lat' dir='ltr'>gemmantibus</span> <span class='ocrx_word' id='word_1_39' title='bbox 717 912 811 951; x_wconf 88' lang='lat' dir='ltr'>hinc</span> <span class='ocrx_word' id='word_1_40' title='bbox 841 920 879 951; x_wconf 89' lang='lat' dir='ltr'>et</span> <span class='ocrx_word' id='word_1_41' title='bbox 907 912 1002 952; x_wconf 87' lang='lat' dir='ltr'>inde</span> <span class='ocrx_word' id='word_1_42' title='bbox 1031 912 1121 952; x_wconf 88' lang='lat' dir='ltr'>rivis</span> 
     </span>
     <span class='ocr_line' id='line_1_10' title="bbox 287 977 977 1026; baseline -0.003 -8"><span class='ocrx_word' id='word_1_43' title='bbox 287 992 406 1018; x_wconf 83' lang='lat' dir='ltr'>curva</span> <span class='ocrx_word' id='word_1_44' title='bbox 434 980 609 1017; x_wconf 84' lang='lat' dir='ltr'>calculus</span> <span class='ocrx_word' id='word_1_45' title='bbox 639 977 828 1017; x_wconf 80' lang='lat' dir='ltr'>excitatur</span> <span class='ocrx_word' id='word_1_46' title='bbox 857 979 977 1026; x_wconf 89' lang='lat' dir='ltr'>unda,</span> 
     </span>
     <span class='ocr_line' id='line_1_11' title="bbox 287 1043 1058 1094; baseline -0.001 -10"><span class='ocrx_word' id='word_1_47' title='bbox 287 1044 454 1084; x_wconf 83' lang='lat' dir='ltr'>exclusis</span> <span class='ocrx_word' id='word_1_48' title='bbox 484 1045 622 1094; x_wconf 90' lang='lat' dir='ltr'>procul</span> <span class='ocrx_word' id='word_1_49' title='bbox 652 1043 839 1082; x_wconf 89' lang='lat' dir='ltr'>omnibus</span> <span class='ocrx_word' id='word_1_50' title='bbox 870 1043 1058 1091; x_wconf 87' lang='lat' dir='ltr'>molestis,</span> 
     </span>
     <span class='ocr_line' id='line_1_12' title="bbox 287 1108 1522 1161; baseline -0.003 -11"><span class='ocrx_word' id='word_1_51' title='bbox 287 1111 502 1161; x_wconf 88' lang='lat' dir='ltr'>pertundas</span> <span class='ocrx_word' id='word_1_52' title='bbox 530 1109 697 1160; x_wconf 78' lang='lat' dir='ltr'>glaciem</span> <span class='ocrx_word' id='word_1_53' title='bbox 726 1109 867 1148; x_wconf 85' lang='lat' dir='ltr'>triente</span> <span class='ocrx_word' id='word_1_54' title='bbox 895 1108 1018 1160; x_wconf 86' lang='lat' dir='ltr'>nigro,</span> <span class='ocrx_word' id='word_1_55' title='bbox 1504 1125 1522 1157; x_wconf 87' lang='lat'>5</span> 
     </span>
     <span class='ocr_line' id='line_1_13' title="bbox 288 1174 1028 1223; baseline -0.001 -9"><span class='ocrx_word' id='word_1_56' title='bbox 288 1178 458 1215; x_wconf 86' lang='lat' dir='ltr'>frontem</span> <span class='ocrx_word' id='word_1_57' title='bbox 489 1174 671 1214; x_wconf 85' lang='lat' dir='ltr'>sutilibus</span> <span class='ocrx_word' id='word_1_58' title='bbox 701 1175 818 1213; x_wconf 90' lang='lat' dir='ltr'>ruber</span> <span class='ocrx_word' id='word_1_59' title='bbox 847 1174 1003 1213; x_wconf 89' lang='lat' dir='ltr'>coronis</span> <span class='ocrx_word' id='word_1_60' title='bbox 1019 1189 1028 1223; x_wconf 78' lang='lat'>3</span> 
     </span>
     <span class='ocr_line' id='line_1_14' title="bbox 288 1240 982 1291; baseline -0.003 -11"><span class='ocrx_word' id='word_1_61' title='bbox 288 1242 477 1280; x_wconf 78' lang='lat' dir='ltr'>infamem</span> <span class='ocrx_word' id='word_1_62' title='bbox 507 1240 631 1279; x_wconf 91' lang='lat' dir='ltr'>nimio</span> <span class='ocrx_word' id='word_1_63' title='bbox 660 1242 790 1279; x_wconf 86' lang='lat' dir='ltr'>calore</span> <span class='ocrx_word' id='word_1_64' title='bbox 821 1241 982 1291; x_wconf 89' lang='lat' dir='ltr'>Cypron</span> 
     </span>
     <span class='ocr_line' id='line_1_15' title="bbox 289 1306 1525 1355; baseline -0.002 -10"><span class='ocrx_word' id='word_1_65' title='bbox 289 1307 473 1346; x_wconf 83' lang='lat' dir='ltr'>observes</span> <span class='ocrx_word' id='word_1_66' title='bbox 504 1318 650 1344; x_wconf 89' lang='lat' dir='ltr'>moneo</span> <span class='ocrx_word' id='word_1_67' title='bbox 679 1317 909 1355; x_wconf 86' lang='lat' dir='ltr'>precorque,</span> <span class='ocrx_word' id='word_1_68' title='bbox 942 1306 1095 1353; x_wconf 87' lang='lat' dir='ltr'>Flacce‚</span> <span class='ocrx_word' id='word_1_69' title='bbox 1484 1319 1525 1343; x_wconf 90' lang='lat'>10</span> 
     </span>
     <span class='ocr_line' id='line_1_16' title="bbox 289 1370 1031 1420; baseline -0.004 -9"><span class='ocrx_word' id='word_1_70' title='bbox 289 1385 437 1411; x_wconf 87' lang='lat' dir='ltr'>messes</span> <span class='ocrx_word' id='word_1_71' title='bbox 466 1385 557 1410; x_wconf 85' lang='lat' dir='ltr'>area</span> <span class='ocrx_word' id='word_1_72' title='bbox 585 1384 677 1409; x_wconf 91' lang='lat' dir='ltr'>cum</span> <span class='ocrx_word' id='word_1_73' title='bbox 707 1378 805 1409; x_wconf 87' lang='lat' dir='ltr'>teret</span> <span class='ocrx_word' id='word_1_74' title='bbox 834 1370 1031 1420; x_wconf 88' lang='lat' dir='ltr'>crepantis</span> 
     </span>
     <span class='ocr_line' id='line_1_17' title="bbox 290 1435 976 1478; baseline -0.004 -1"><span class='ocrx_word' id='word_1_75' title='bbox 290 1446 328 1478; x_wconf 88' lang='lat' dir='ltr'>et</span> <span class='ocrx_word' id='word_1_76' title='bbox 357 1439 511 1477; x_wconf 88' lang='lat' dir='ltr'>fervens</span> <span class='ocrx_word' id='word_1_77' title='bbox 541 1436 635 1475; x_wconf 85' lang='lat' dir='ltr'>iuba</span> <span class='ocrx_word' id='word_1_78' title='bbox 664 1435 810 1475; x_wconf 86' lang='lat' dir='ltr'>saeviet</span> <span class='ocrx_word' id='word_1_79' title='bbox 839 1435 976 1475; x_wconf 89' lang='lat' dir='ltr'>leonis.</span> 
     </span>
     <span class='ocr_line' id='line_1_18' title="bbox 288 1501 1088 1552; baseline -0.004 -10"><span class='ocrx_word' id='word_1_80' title='bbox 288 1506 343 1542; x_wconf 90' lang='lat' dir='ltr'>At</span> <span class='ocrx_word' id='word_1_81' title='bbox 372 1511 426 1551; x_wconf 89' lang='lat' dir='ltr'>tu,</span> <span class='ocrx_word' id='word_1_82' title='bbox 457 1502 549 1542; x_wconf 86' lang='lat' dir='ltr'>diva</span> <span class='ocrx_word' id='word_1_83' title='bbox 578 1501 715 1552; x_wconf 87' lang='lat' dir='ltr'>Paphi,</span> <span class='ocrx_word' id='word_1_84' title='bbox 747 1501 912 1549; x_wconf 91' lang='lat' dir='ltr'>remitte,</span> <span class='ocrx_word' id='word_1_85' title='bbox 944 1501 1088 1540; x_wconf 87' lang='lat' dir='ltr'>nostris</span> 
     </span>
     <span class='ocr_line' id='line_1_19' title="bbox 289 1566 1022 1607; baseline -0.003 0"><span class='ocrx_word' id='word_1_86' title='bbox 289 1568 483 1607; x_wconf 88' lang='lat' dir='ltr'>inlaesum</span> <span class='ocrx_word' id='word_1_87' title='bbox 513 1567 697 1606; x_wconf 85' lang='lat' dir='ltr'>iuvenem</span> <span class='ocrx_word' id='word_1_88' title='bbox 726 1566 881 1606; x_wconf 90' lang='lat' dir='ltr'>remitte</span> <span class='ocrx_word' id='word_1_89' title='bbox 910 1567 1022 1605; x_wconf 83' lang='lat' dir='ltr'>votis.</span> 
     </span>
     <span class='ocr_line' id='line_1_20' title="bbox 290 1632 1523 1681; baseline -0.003 -8"><span class='ocrx_word' id='word_1_90' title='bbox 290 1634 345 1673; x_wconf 89' lang='lat' dir='ltr'>sic</span> <span class='ocrx_word' id='word_1_91' title='bbox 376 1633 516 1672; x_wconf 88' lang='lat' dir='ltr'>Martis</span> <span class='ocrx_word' id='word_1_92' title='bbox 545 1632 617 1671; x_wconf 89' lang='lat' dir='ltr'>tibi</span> <span class='ocrx_word' id='word_1_93' title='bbox 646 1632 816 1671; x_wconf 84' lang='lat' dir='ltr'>serviant</span> <span class='ocrx_word' id='word_1_94' title='bbox 846 1633 1056 1671; x_wconf 88' lang='lat' dir='ltr'>Kalendae</span> <span class='ocrx_word' id='word_1_95' title='bbox 1486 1647 1523 1681; x_wconf 88' lang='lat'>15</span> 
     </span>
     <span class='ocr_line' id='line_1_21' title="bbox 290 1697 1050 1748; baseline -0.004 -10"><span class='ocrx_word' id='word_1_96' title='bbox 290 1708 328 1739; x_wconf 88' lang='lat' dir='ltr'>et</span> <span class='ocrx_word' id='word_1_97' title='bbox 358 1713 449 1738; x_wconf 89' lang='lat' dir='ltr'>cum</span> <span class='ocrx_word' id='word_1_98' title='bbox 479 1706 564 1737; x_wconf 88' lang='lat' dir='ltr'>ture</span> <span class='ocrx_word' id='word_1_99' title='bbox 593 1712 783 1748; x_wconf 85' lang='lat' dir='ltr'>meroque</span> <span class='ocrx_word' id='word_1_100' title='bbox 811 1697 1050 1748; x_wconf 85' lang='lat' dir='ltr'>victimaque</span> 
     </span>
     <span class='ocr_line' id='line_1_22' title="bbox 289 1764 946 1804; baseline -0.005 0"><span class='ocrx_word' id='word_1_101' title='bbox 289 1765 433 1804; x_wconf 90' lang='lat' dir='ltr'>libetur</span> <span class='ocrx_word' id='word_1_102' title='bbox 461 1764 533 1803; x_wconf 90' lang='lat' dir='ltr'>tibi</span> <span class='ocrx_word' id='word_1_103' title='bbox 562 1764 752 1803; x_wconf 84' lang='lat' dir='ltr'>candidas</span> <span class='ocrx_word' id='word_1_104' title='bbox 781 1764 833 1802; x_wconf 89' lang='lat' dir='ltr'>ad</span> <span class='ocrx_word' id='word_1_105' title='bbox 860 1776 946 1801; x_wconf 87' lang='lat' dir='ltr'>aras</span> 
     </span>
     <span class='ocr_line' id='line_1_23' title="bbox 291 1829 1075 1881; baseline -0.004 -11"><span class='ocrx_word' id='word_1_106' title='bbox 291 1838 398 1870; x_wconf 90' lang='lat' dir='ltr'>secta</span> <span class='ocrx_word' id='word_1_107' title='bbox 425 1829 595 1881; x_wconf 89' lang='lat' dir='ltr'>plurima</span> <span class='ocrx_word' id='word_1_108' title='bbox 623 1830 774 1880; x_wconf 85' lang='lat' dir='ltr'>quadra</span> <span class='ocrx_word' id='word_1_109' title='bbox 802 1830 853 1868; x_wconf 91' lang='lat' dir='ltr'>de</span> <span class='ocrx_word' id='word_1_110' title='bbox 881 1830 1075 1879; x_wconf 85' lang='lat' dir='ltr'>placenta.</span> 
     </span>
    </p>
   </div>
   <div class='ocr_carea' id='block_1_6' title="bbox 695 1968 794 2007">
    <p class='ocr_par' dir='ltr' id='par_1_6' title="bbox 695 1968 794 2007">
     <span class='ocr_line' id='line_1_24' title="bbox 695 1968 794 2007; baseline 0 -1"><span class='ocrx_word' id='word_1_111' title='bbox 695 1968 794 2007; x_wconf 91' lang='lat' dir='ltr'>XCI</span> 
     </span>
    </p>
   </div>
   <div class='ocr_carea' id='block_1_7' title="bbox 185 2043 1145 2157">
    <p class='ocr_par' dir='ltr' id='par_1_7' title="bbox 185 2043 1145 2157">
     <span class='ocr_line' id='line_1_25' title="bbox 185 2043 1145 2086; baseline -0.005 0"><span class='ocrx_word' id='word_1_112' title='bbox 185 2048 249 2086; x_wconf 78' lang='lat' dir='ltr'>Ad</span> <span class='ocrx_word' id='word_1_113' title='bbox 279 2059 420 2086; x_wconf 86' lang='lat' dir='ltr'>cenam</span> <span class='ocrx_word' id='word_1_114' title='bbox 450 2045 481 2084; x_wconf 89' lang='lat' dir='ltr'>si</span> <span class='ocrx_word' id='word_1_115' title='bbox 511 2058 575 2083; x_wconf 88' lang='lat' dir='ltr'>me</span> <span class='ocrx_word' id='word_1_116' title='bbox 604 2043 758 2084; x_wconf 89' lang='lat' dir='ltr'>diversa</span> <span class='ocrx_word' id='word_1_117' title='bbox 786 2051 945 2082; x_wconf 82' lang='lat' dir='ltr'>vocaret</span> <span class='ocrx_word' id='word_1_118' title='bbox 973 2043 1013 2081; x_wconf 94' lang='lat' dir='ltr'>in</span> <span class='ocrx_word' id='word_1_119' title='bbox 1043 2051 1145 2082; x_wconf 87' lang='lat' dir='ltr'>astra</span> 
     </span>
     <span class='ocr_line' id='line_1_26' title="bbox 238 2108 1037 2157; baseline -0.004 -7"><span class='ocrx_word' id='word_1_120' title='bbox 238 2111 330 2150; x_wconf 87' lang='lat' dir='ltr'>hinc</span> <span class='ocrx_word' id='word_1_121' title='bbox 359 2111 544 2150; x_wconf 86' lang='lat' dir='ltr'>invitator</span> <span class='ocrx_word' id='word_1_122' title='bbox 573 2109 764 2157; x_wconf 84' lang='lat' dir='ltr'>Caesaris,</span> <span class='ocrx_word' id='word_1_123' title='bbox 795 2108 889 2148; x_wconf 89' lang='lat' dir='ltr'>inde</span> <span class='ocrx_word' id='word_1_124' title='bbox 919 2108 1037 2156; x_wconf 90' lang='lat' dir='ltr'>Iovis,</span> 
     </span>
    </p>
   </div>
   <div class='ocr_carea' id='block_1_8' title="bbox 184 2212 1526 2430">
    <p class='ocr_par' dir='ltr' id='par_1_8' title="bbox 184 2212 1526 2430">
     <span class='ocr_line' id='line_1_27' title="bbox 228 2212 1525 2255; baseline -0.004 -7"><span class='ocrx_word' id='word_1_125' title='bbox 228 2216 448 2248; x_wconf 86' lang='lat' dir='ltr'>LXXXVIII</span> <span class='ocrx_word' id='word_1_126' title='bbox 474 2226 493 2255; x_wconf 88' lang='lat'><strong>3</strong></span> <span class='ocrx_word' id='word_1_127' title='bbox 518 2219 688 2255; x_wconf 84' lang='lat' dir='ltr'>captoque</span> <span class='ocrx_word' id='word_1_128' title='bbox 710 2224 753 2245; x_wconf 90' lang='lat' dir='ltr'>m.</span> <span class='ocrx_word' id='word_1_129' title='bbox 775 2213 824 2244; x_wconf 74' lang='lat' dir='ltr'>CA</span> <span class='ocrx_word' id='word_1_130' title='bbox 1052 2212 1241 2244; x_wconf 88' lang='lat' dir='ltr'>LXXXIX</span> <span class='ocrx_word' id='word_1_131' title='bbox 1268 2223 1282 2244; x_wconf 92' lang='lat'>1</span> <span class='ocrx_word' id='word_1_132' title='bbox 1310 2212 1456 2244; x_wconf 86' lang='lat' dir='ltr'>conuiua</span> <span class='ocrx_word' id='word_1_133' title='bbox 1475 2212 1525 2243; x_wconf 77' lang='lat' dir='ltr'>CA</span> 
     </span>
     <span class='ocr_line' id='line_1_28' title="bbox 184 2256 1524 2301; baseline -0.004 -9"><span class='ocrx_word' id='word_1_134' title='bbox 184 2272 203 2291; x_wconf 87' lang='lat'>2</span> <span class='ocrx_word' id='word_1_135' title='bbox 228 2261 277 2292; x_wconf 79' lang='lat' dir='ltr'>vel</span> <span class='ocrx_word' id='word_1_136' title='bbox 290 2261 336 2291; x_wconf 83' lang='lat' dir='ltr'>sic</span> <span class='ocrx_word' id='word_1_137' title='bbox 349 2260 521 2301; x_wconf 75' lang='lat' dir='ltr'>distingue,</span> <span class='ocrx_word' id='word_1_138' title='bbox 543 2258 673 2290; x_wconf 85' lang='lat' dir='ltr'>Stella:</span> <span class='ocrx_word' id='word_1_139' title='bbox 698 2258 718 2288; x_wconf 92' lang='lat' dir='ltr'>l.</span> <span class='ocrx_word' id='word_1_140' title='bbox 737 2268 764 2289; x_wconf 84' lang='lat' dir='ltr'>S.</span> <span class='ocrx_word' id='word_1_141' title='bbox 782 2268 814 2289; x_wconf 93' lang='lat' dir='ltr'>n.</span> <span class='ocrx_word' id='word_1_142' title='bbox 831 2258 897 2289; x_wconf 69' lang='lat' dir='ltr'>m.&#39;3</span> <span class='ocrx_word' id='word_1_143' title='bbox 1144 2257 1208 2288; x_wconf 92' lang='lat' dir='ltr'>XC</span> <span class='ocrx_word' id='word_1_144' title='bbox 1235 2267 1250 2287; x_wconf 85' lang='lat'>1</span> <span class='ocrx_word' id='word_1_145' title='bbox 1276 2257 1452 2296; x_wconf 85' lang='lat' dir='ltr'>gramineo</span> <span class='ocrx_word' id='word_1_146' title='bbox 1467 2256 1524 2287; x_wconf 73' lang='lat' dir='ltr'>BA</span> 
     </span>
     <span class='ocr_line' id='line_1_29' title="bbox 184 2299 1526 2342; baseline -0.004 -7"><span class='ocrx_word' id='word_1_147' title='bbox 184 2317 202 2342; x_wconf 82' lang='lat'>4</span> <span class='ocrx_word' id='word_1_148' title='bbox 228 2305 343 2336; x_wconf 86' lang='lat' dir='ltr'>exosis</span> <span class='ocrx_word' id='word_1_149' title='bbox 370 2303 420 2335; x_wconf 77' lang='lat' dir='ltr'>CA</span> <span class='ocrx_word' id='word_1_150' title='bbox 586 2312 605 2341; x_wconf 89' lang='lat'>5</span> <span class='ocrx_word' id='word_1_151' title='bbox 630 2301 816 2342; x_wconf 81' lang='lat' dir='ltr'>pertundas</span> <span class='ocrx_word' id='word_1_152' title='bbox 838 2301 914 2333; x_wconf 71' lang='lat' dir='ltr'>BA:</span> <span class='ocrx_word' id='word_1_153' title='bbox 951 2300 1120 2341; x_wconf 85' lang='lat' dir='ltr'>perfunda</span> <span class='ocrx_word' id='word_1_154' title='bbox 1148 2300 1257 2342; x_wconf 86' lang='lat' dir='ltr'>(-das)</span> <span class='ocrx_word' id='word_1_155' title='bbox 1287 2299 1337 2331; x_wconf 78' lang='lat' dir='ltr'>CA</span> <span class='ocrx_word' id='word_1_156' title='bbox 1503 2301 1526 2330; x_wconf 92' lang='lat'><strong>6</strong></span> 
     </span>
     <span class='ocr_line' id='line_1_30' title="bbox 185 2343 1523 2385; baseline -0.004 -6"><span class='ocrx_word' id='word_1_157' title='bbox 185 2349 364 2380; x_wconf 89' lang='lat' dir='ltr'>subtilibus</span> <span class='ocrx_word' id='word_1_158' title='bbox 380 2347 436 2378; x_wconf 71' lang='grc' dir='ltr'>ΒΑ</span> <span class='ocrx_word' id='word_1_159' title='bbox 549 2347 634 2377; x_wconf 89' lang='lat' dir='ltr'>uber</span> <span class='ocrx_word' id='word_1_160' title='bbox 653 2345 702 2376; x_wconf 72' lang='lat' dir='ltr'>CA</span> <span class='ocrx_word' id='word_1_161' title='bbox 722 2347 838 2385; x_wconf 73' lang='lat' dir='ltr'>(praec.</span> <span class='ocrx_word' id='word_1_162' title='bbox 857 2345 887 2383; x_wconf 77' lang='lat' dir='ltr'>s)</span> <span class='ocrx_word' id='word_1_163' title='bbox 1050 2355 1088 2374; x_wconf 86' lang='lat'>12</span> <span class='ocrx_word' id='word_1_164' title='bbox 1113 2345 1252 2376; x_wconf 84' lang='lat' dir='ltr'>feruens</span> <span class='ocrx_word' id='word_1_165' title='bbox 1268 2343 1349 2375; x_wconf 73' lang='lat' dir='ltr'>BA:</span> <span class='ocrx_word' id='word_1_166' title='bbox 1372 2343 1454 2374; x_wconf 79' lang='lat' dir='ltr'>fului</span> <span class='ocrx_word' id='word_1_167' title='bbox 1473 2343 1523 2375; x_wconf 77' lang='lat' dir='ltr'>CA</span> 
     </span>
     <span class='ocr_line' id='line_1_31' title="bbox 184 2387 1522 2430; baseline -0.004 -7"><span class='ocrx_word' id='word_1_168' title='bbox 184 2403 251 2423; x_wconf 89' lang='lat' dir='ltr'>uua</span> <span class='ocrx_word' id='word_1_169' title='bbox 272 2392 322 2422; x_wconf 68' lang='lat' dir='ltr'>CA</span> <span class='ocrx_word' id='word_1_170' title='bbox 411 2391 483 2422; x_wconf 87' lang='lat' dir='ltr'>seui</span> <span class='ocrx_word' id='word_1_171' title='bbox 502 2390 556 2421; x_wconf 71' lang='lat' dir='ltr'>BA</span> <span class='ocrx_word' id='word_1_172' title='bbox 573 2391 704 2430; x_wconf 76' lang='lat' dir='ltr'>(fuerat</span> <span class='ocrx_word' id='word_1_173' title='bbox 719 2389 811 2419; x_wconf 84' lang='lat' dir='ltr'>saevi</span> <span class='ocrx_word' id='word_1_174' title='bbox 829 2394 862 2419; x_wconf 87' lang='lat' dir='ltr'>et</span> <span class='ocrx_word' id='word_1_175' title='bbox 879 2387 922 2428; x_wconf 82' lang='lat' dir='ltr'>l.)</span> <span class='ocrx_word' id='word_1_176' title='bbox 1011 2387 1103 2419; x_wconf 85' lang='lat' dir='ltr'>leoni</span> <span class='ocrx_word' id='word_1_177' title='bbox 1124 2387 1174 2419; x_wconf 74' lang='lat' dir='ltr'>CA</span> <span class='ocrx_word' id='word_1_178' title='bbox 1298 2398 1337 2428; x_wconf 88' lang='lat'>13</span> <span class='ocrx_word' id='word_1_179' title='bbox 1361 2392 1395 2419; x_wconf 87' lang='lat' dir='ltr'>at</span> <span class='ocrx_word' id='word_1_180' title='bbox 1412 2392 1447 2419; x_wconf 88' lang='lat' dir='ltr'>tu</span> <span class='ocrx_word' id='word_1_181' title='bbox 1465 2388 1522 2419; x_wconf 90' lang='lat' dir='ltr'>diu</span> 
     </span>
    </p>
   </div>
   <div class='ocr_carea' id='block_1_9' title="bbox 185 2431 1140 2476">
    <p class='ocr_par' dir='ltr' id='par_1_9' title="bbox 185 2431 1140 2476">
     <span class='ocr_line' id='line_1_32' title="bbox 185 2431 1140 2476; baseline -0.003 -10"><span class='ocrx_word' id='word_1_182' title='bbox 185 2446 315 2476; x_wconf 83' lang='lat' dir='ltr'>papyre</span> <span class='ocrx_word' id='word_1_183' title='bbox 333 2435 427 2466; x_wconf 89' lang='lat' dir='ltr'>mitte</span> <span class='ocrx_word' id='word_1_184' title='bbox 447 2435 497 2466; x_wconf 74' lang='lat' dir='ltr'>CA</span> <span class='ocrx_word' id='word_1_185' title='bbox 589 2444 623 2473; x_wconf 71' lang='lat'>14</span> <span class='ocrx_word' id='word_1_186' title='bbox 652 2433 810 2463; x_wconf 87' lang='lat' dir='ltr'>iuuenem</span> <span class='ocrx_word' id='word_1_187' title='bbox 826 2432 906 2463; x_wconf 68' lang='lat' dir='ltr'>BA:</span> <span class='ocrx_word' id='word_1_188' title='bbox 930 2442 1073 2472; x_wconf 82' lang='lat' dir='ltr'>puerum</span> <span class='ocrx_word' id='word_1_189' title='bbox 1092 2431 1140 2463; x_wconf 75' lang='lat' dir='ltr'>CA</span> 
     </span>
    </p>
   </div>
  </div>
 </body>
</html>
