1648 2729
657 142 1128 182 EPIGRAMMATON
1160 144 1263 181 LIB.
1295 144 1402 181 VIII

554 253 706 290 LXXV

71 332 179 368 Dum
208 329 348 380 repetit
377 343 462 368 sera
490 330 712 368 conductos
741 336 859 367 nocte
888 337 1051 379 penates

123 394 327 445 Lingonus
356 408 379 433 a
407 396 533 432 Tecta
563 393 836 444 Flaminiaque
864 407 1011 441 recens,

67 459 215 509 expulit
244 460 396 498 offenso
424 458 603 497 vitiatum
632 458 775 509 pollice
804 460 927 497 talum

122 533 161 563 et
190 524 309 563 iacuit
337 532 422 564 toto
451 538 615 575 corpore
646 526 752 563 fusus
783 524 904 562 humi.

67 589 164 640 quid
192 591 337 629 faceret
367 591 514 637 Gallus,
547 603 625 640 qua
653 603 695 628 se
724 589 875 628 ratione
904 591 1110 628 moveret?
1384 607 1400 637 5

122 654 272 705 ingenti
301 655 466 694 domino
495 657 669 694 servulus
699 668 801 693 unus
831 662 923 701 erat,

67 727 147 759 tam
177 734 309 760 macer
337 728 381 759 ut
410 720 617 759 minimam
647 727 781 770 posset
809 720 873 758 vix
901 721 999 759 ferre
1028 721 1253 759 lucernam:

120 786 309 825 succurrit
338 786 481 825 misero
511 799 624 824 casus
655 799 853 836 opemque
883 785 981 824 tulit.

66 858 252 900 quattuor
280 850 455 901 inscripti
484 851 695 901 portabant
724 850 799 889 vile
828 851 1005 897 cadaver,

119 915 262 966 accipit
291 915 425 954 infelix
454 915 585 966 qualia
614 915 721 954 mille
750 929 891 965 rogus;
1366 931 1404 953 10

64 982 137 1019 hos
166 994 301 1020 comes
330 980 525 1019 invalidus
555 980 764 1019 summissa
793 993 891 1018 voce
919 988 1109 1029 precatur,

119 1054 162 1085 ut
191 1060 447 1097 quocumque
476 1046 597 1085 velint
627 1059 770 1096 corpus
801 1045 919 1084 inane
947 1046 1096 1084 ferant:

63 1119 308 1162 permutatur
336 1125 436 1150 onus
466 1111 688 1162 stipataque
718 1111 866 1149 tollitur
893 1112 971 1149 alte

117 1177 274 1227 grandis
304 1177 344 1215 in
373 1185 539 1227 angusta
569 1176 720 1215 sarcina
754 1176 969 1226 sandapila.

66 1242 147 1281 Hic
177 1242 273 1280 mihi
302 1244 353 1281 de
382 1242 515 1281 multis
544 1255 658 1289 unus,
691 1243 862 1289 Lucane,
894 1241 1049 1280 videtur
1366 1258 1403 1290 15

118 1307 182 1347 cui
211 1307 350 1347 merito
379 1307 459 1346 dici
491 1311 667 1346 ‘mortue
697 1308 834 1346 Galle'
863 1314 1004 1356 potest.

538 1396 713 1432 LXXVI

174 1465 274 1505 ‘Dic
302 1479 439 1505 verum
468 1465 577 1514 mihi,
611 1467 757 1513 Marce,
789 1465 853 1504 dic
882 1465 1027 1504 amabo
1041 1480 1051 1513 3

171 1531 226 1570 nil
255 1539 314 1570 est
343 1533 454 1582 quod
484 1531 608 1581 magis
637 1531 798 1570 audiam
828 1530 1020 1569 libenter.'

171 1597 226 1636 sic
256 1605 294 1636 et
323 1611 415 1636 cum
444 1596 584 1635 recitas
614 1604 703 1635 tuos
733 1596 900 1643 libellos,

170 1670 209 1701 et
237 1676 397 1701 causam
427 1661 611 1712 quotiens
640 1661 722 1712 agis
751 1661 916 1708 clientis,

169 1741 267 1775 oras,
301 1727 462 1775 Gallice,
495 1741 559 1766 me
588 1740 781 1777 rogasque
811 1740 977 1777 semper.
1383 1743 1399 1774 5

172 1794 327 1831 Durum
357 1800 415 1831 est
444 1806 509 1831 me
537 1792 610 1831 tibi
639 1794 749 1842 quod
778 1791 879 1842 petis
908 1805 1061 1841 negare.

169 1871 262 1896 vero
290 1857 419 1896 verius
448 1871 540 1907 ergo
570 1857 668 1907 quid
697 1856 746 1895 sit
774 1856 892 1895 audi:

171 1937 319 1971 verum,
351 1922 516 1971 Gallice,
545 1936 627 1960 non
655 1921 824 1960 libenter
851 1920 976 1960 audis.

513 2011 736 2048 LXXVIII

65 2084 177 2132 Quos
208 2089 369 2133 cuperet
398 2083 614 2132 Phlegraea
643 2094 734 2120 suos
764 2079 927 2119 victoria
955 2081 1082 2127 ludos,

119 2147 261 2186 Indica
288 2160 389 2197 quos
418 2154 581 2197 cuperet
609 2159 767 2196 pompa,
801 2147 941 2195 Lyaee‚
974 2153 1074 2192 tuos,

108 2252 239 2283 LXXV
264 2261 278 2282 1
297 2251 483 2282 conductus‘
496 2249 553 2281 BA
565 2252 655 2289 (cum
669 2249 769 2286 AG&
858 2260 879 2289 3
902 2249 1023 2280 uitiato
1039 2247 1089 2279 CA
1176 2258 1196 2286 4
1221 2247 1334 2278 fuscus
1352 2247 1402 2277 CA

65 2307 82 2335 7
107 2306 209 2336 posse
226 2294 340 2359 nivid.
363 2293 414 2325 CA
529 2304 569 2344 ro
593 2304 694 2358 rkpgos
709 2297 746 2323 ut
760 2292 823 2325 vid.
841 2292 898 2357 {A
1022 2302 1061 2331 13
1086 2302 1172 2331 opus
1191 2290 1265 2364 CAI
1362 2300 1401 2340 1⁵5

62 2339 255 2421 Ἑέξᾶτηξυὶῗί
273 2381 323 2413 CA
430 2337 600 2421 164qalglei
616 2380 667 2412 CA
684 2342 810 2421 (igin-i?
820 2336 858 2419 2)Β
1002 2389 1018 2418 7
1044 2335 1249 2420 ᾳιιοὲῖζῖἓῑξ
1256 2343 1308 2408 ve}
1320 2334 1400 2417 913Ξὲ

64 2427 157 2468 (ΡΩ)
174 2426 231 2457 ΒΑ
380 2425 562 2456 LXXVIII
590 2435 604 2456 1
631 2425 772 2455 uiatoria
790 2424 840 2455 CA
928 2433 948 2453 2
971 2433 1096 2463 cupere
1111 2421 1168 2453 BA
1255 2421 1332 2461 lyae
1351 2421 1402 2453 CA

106 2490 212 2513 MART.
233 2490 284 2512 ΕΡ.
302 2488 351 2512 sc-
370 2489 425 2511 En.
1272 2476 1312 2507 13
