<?xml version="1.0" encoding="UTF-8"?>
<!DOCTYPE html PUBLIC "-//W3C//DTD XHTML 1.0 Transitional//EN"
    "http://www.w3.org/TR/xhtml1/DTD/xhtml1-transitional.dtd">
<html xmlns="http://www.w3.org/1999/xhtml" xml:lang="en" lang="en">
 <head>
  <title>
</title>
<meta http-equiv="Content-Type" content="text/html;charset=utf-8" />
  <meta name='ocr-system' content='tesseract 3.04.00' />
  <meta name='ocr-capabilities' content='ocr_page ocr_carea ocr_par ocr_line ocrx_word'/>
</head>
<body>
  <div class='ocr_page' id='page_1' title='image "./epigrammatasele00martuoft_0132.png"; bbox 0 0 1648 2729; ppageno 0'>
   <div class='ocr_carea' id='block_1_1' title="bbox 175 114 732 152">
    <p class='ocr_par' dir='ltr' id='par_1_1' title="bbox 175 114 732 152">
     <span class='ocr_line' id='line_1_1' title="bbox 175 114 732 152; baseline -0.002 0"><span class='ocrx_word' id='word_1_1' title='bbox 175 116 230 152; x_wconf 90' lang='lat' dir='ltr'>M.</span> <span class='ocrx_word' id='word_1_2' title='bbox 263 115 386 152; x_wconf 86' lang='lat' dir='ltr'><strong>VAL.</strong></span> <span class='ocrx_word' id='word_1_3' title='bbox 418 114 732 152; x_wconf 87' lang='lat' dir='ltr'>MARTIALIS</span> 
     </span>
    </p>
   </div>
   <div class='ocr_carea' id='block_1_2' title="bbox 696 228 768 265">
    <p class='ocr_par' dir='ltr' id='par_1_2' title="bbox 696 228 768 265">
     <span class='ocr_line' id='line_1_2' title="bbox 696 228 768 265; baseline 0 0"><span class='ocrx_word' id='word_1_4' title='bbox 696 228 768 265; x_wconf 94' lang='lat' dir='ltr'>LX</span> 
     </span>
    </p>
   </div>
   <div class='ocr_carea' id='block_1_3' title="bbox 282 314 1518 1016">
    <p class='ocr_par' dir='ltr' id='par_1_3' title="bbox 282 314 1066 365">
     <span class='ocr_line' id='line_1_3' title="bbox 282 314 1066 365; baseline -0.001 -12"><span class='ocrx_word' id='word_1_5' title='bbox 282 317 465 354; x_wconf 80' lang='lat' dir='ltr'>Adlatres</span> <span class='ocrx_word' id='word_1_6' title='bbox 495 314 586 354; x_wconf 88' lang='lat' dir='ltr'>licet</span> <span class='ocrx_word' id='word_1_7' title='bbox 614 328 740 364; x_wconf 88' lang='lat' dir='ltr'>usque</span> <span class='ocrx_word' id='word_1_8' title='bbox 769 327 842 353; x_wconf 91' lang='lat' dir='ltr'>nos</span> <span class='ocrx_word' id='word_1_9' title='bbox 872 321 911 353; x_wconf 88' lang='lat' dir='ltr'>et</span> <span class='ocrx_word' id='word_1_10' title='bbox 940 327 1066 365; x_wconf 88' lang='lat' dir='ltr'>usque</span> 
     </span>
    </p>

    <p class='ocr_par' dir='ltr' id='par_1_4' title="bbox 282 379 993 431">
     <span class='ocr_line' id='line_1_4' title="bbox 282 379 993 431; baseline -0.001 -12"><span class='ocrx_word' id='word_1_11' title='bbox 282 388 321 419; x_wconf 84' lang='lat' dir='ltr'>et</span> <span class='ocrx_word' id='word_1_12' title='bbox 349 380 576 431; x_wconf 83' lang='lat' dir='ltr'>gannitibus</span> <span class='ocrx_word' id='word_1_13' title='bbox 606 379 784 430; x_wconf 90' lang='lat' dir='ltr'>inprobis</span> <span class='ocrx_word' id='word_1_14' title='bbox 813 381 993 427; x_wconf 79' lang='lat' dir='ltr'>lacessas,</span> 
     </span>
    </p>

    <p class='ocr_par' dir='ltr' id='par_1_5' title="bbox 283 444 1186 494">
     <span class='ocr_line' id='line_1_5' title="bbox 283 444 1186 494; baseline -0.001 -10"><span class='ocrx_word' id='word_1_15' title='bbox 283 454 433 484; x_wconf 87' lang='lat' dir='ltr'>certum</span> <span class='ocrx_word' id='word_1_16' title='bbox 463 453 522 484; x_wconf 90' lang='lat' dir='ltr'>est</span> <span class='ocrx_word' id='word_1_17' title='bbox 551 446 654 483; x_wconf 89' lang='lat' dir='ltr'>hanc</span> <span class='ocrx_word' id='word_1_18' title='bbox 685 444 755 483; x_wconf 89' lang='lat' dir='ltr'>tibi</span> <span class='ocrx_word' id='word_1_19' title='bbox 785 458 998 494; x_wconf 79' lang='lat' dir='ltr'>pernegare</span> <span class='ocrx_word' id='word_1_20' title='bbox 1028 446 1186 492; x_wconf 86' lang='lat' dir='ltr'>famam,</span> 
     </span>
    </p>

    <p class='ocr_par' dir='ltr' id='par_1_6' title="bbox 283 509 1040 560">
     <span class='ocr_line' id='line_1_6' title="bbox 283 509 1040 560; baseline -0.001 -12"><span class='ocrx_word' id='word_1_21' title='bbox 283 510 378 549; x_wconf 91' lang='lat' dir='ltr'>olim</span> <span class='ocrx_word' id='word_1_22' title='bbox 408 524 528 560; x_wconf 84' lang='lat' dir='ltr'>quam</span> <span class='ocrx_word' id='word_1_23' title='bbox 558 509 669 560; x_wconf 85' lang='lat' dir='ltr'>petis,</span> <span class='ocrx_word' id='word_1_24' title='bbox 702 509 742 547; x_wconf 91' lang='lat' dir='ltr'>in</span> <span class='ocrx_word' id='word_1_25' title='bbox 773 509 869 548; x_wconf 85' lang='lat' dir='ltr'>meis</span> <span class='ocrx_word' id='word_1_26' title='bbox 899 509 1040 548; x_wconf 89' lang='lat' dir='ltr'>libellis</span> 
     </span>
    </p>

    <p class='ocr_par' dir='ltr' id='par_1_7' title="bbox 284 574 1515 689">
     <span class='ocr_line' id='line_1_7' title="bbox 284 574 1515 626; baseline 0 -13"><span class='ocrx_word' id='word_1_27' title='bbox 284 575 584 626; x_wconf 83' lang='lat' dir='ltr'>qualiscumque</span> <span class='ocrx_word' id='word_1_28' title='bbox 614 574 751 625; x_wconf 88' lang='lat' dir='ltr'>legaris</span> <span class='ocrx_word' id='word_1_29' title='bbox 780 582 823 613; x_wconf 92' lang='lat' dir='ltr'>ut</span> <span class='ocrx_word' id='word_1_30' title='bbox 852 588 922 625; x_wconf 89' lang='lat' dir='ltr'>per</span> <span class='ocrx_word' id='word_1_31' title='bbox 949 575 1099 614; x_wconf 88' lang='lat' dir='ltr'>orbem.</span> <span class='ocrx_word' id='word_1_32' title='bbox 1498 591 1515 623; x_wconf 81' lang='lat'><strong>5</strong></span> 
     </span>
     <span class='ocr_line' id='line_1_8' title="bbox 285 639 1030 689; baseline -0.001 -10"><span class='ocrx_word' id='word_1_33' title='bbox 285 642 390 679; x_wconf 85' lang='lat' dir='ltr'>Nam</span> <span class='ocrx_word' id='word_1_34' title='bbox 420 648 459 679; x_wconf 90' lang='lat' dir='ltr'>te</span> <span class='ocrx_word' id='word_1_35' title='bbox 488 653 557 678; x_wconf 85' lang='lat' dir='ltr'>cur</span> <span class='ocrx_word' id='word_1_36' title='bbox 584 640 725 689; x_wconf 84' lang='lat' dir='ltr'>aliquis</span> <span class='ocrx_word' id='word_1_37' title='bbox 755 639 852 678; x_wconf 79' lang='lat' dir='ltr'>sciat</span> <span class='ocrx_word' id='word_1_38' title='bbox 881 639 1030 678; x_wconf 87' lang='lat' dir='ltr'>fuisse?</span> 
     </span>
    </p>

    <p class='ocr_par' dir='ltr' id='par_1_8' title="bbox 284 704 1071 756">
     <span class='ocr_line' id='line_1_9' title="bbox 284 704 1071 756; baseline -0.001 -13"><span class='ocrx_word' id='word_1_39' title='bbox 284 705 440 756; x_wconf 88' lang='lat' dir='ltr'>ignotus</span> <span class='ocrx_word' id='word_1_40' title='bbox 469 718 617 755; x_wconf 88' lang='lat' dir='ltr'>pereas,</span> <span class='ocrx_word' id='word_1_41' title='bbox 650 704 778 752; x_wconf 90' lang='lat' dir='ltr'>miser,</span> <span class='ocrx_word' id='word_1_42' title='bbox 809 718 972 743; x_wconf 83' lang='lat' dir='ltr'>necesse</span> <span class='ocrx_word' id='word_1_43' title='bbox 1001 712 1071 743; x_wconf 90' lang='lat' dir='ltr'>est.</span> 
     </span>
    </p>

    <p class='ocr_par' dir='ltr' id='par_1_9' title="bbox 286 769 1165 809">
     <span class='ocr_line' id='line_1_10' title="bbox 286 769 1165 809; baseline 0 -1"><span class='ocrx_word' id='word_1_44' title='bbox 286 784 366 809; x_wconf 90' lang='lat' dir='ltr'>non</span> <span class='ocrx_word' id='word_1_45' title='bbox 396 772 539 809; x_wconf 86' lang='lat' dir='ltr'>derunt</span> <span class='ocrx_word' id='word_1_46' title='bbox 569 778 702 808; x_wconf 91' lang='lat' dir='ltr'>tamen</span> <span class='ocrx_word' id='word_1_47' title='bbox 732 771 808 808; x_wconf 80' lang='lat' dir='ltr'>hac</span> <span class='ocrx_word' id='word_1_48' title='bbox 837 769 878 807; x_wconf 91' lang='lat' dir='ltr'>in</span> <span class='ocrx_word' id='word_1_49' title='bbox 907 770 1005 808; x_wconf 90' lang='lat' dir='ltr'>urbe</span> <span class='ocrx_word' id='word_1_50' title='bbox 1033 771 1165 808; x_wconf 88' lang='lat' dir='ltr'>forsan</span> 
     </span>
    </p>

    <p class='ocr_par' dir='ltr' id='par_1_10' title="bbox 285 837 1019 885">
     <span class='ocr_line' id='line_1_11' title="bbox 285 837 1019 885; baseline -0.001 -11"><span class='ocrx_word' id='word_1_51' title='bbox 285 849 388 874; x_wconf 90' lang='lat' dir='ltr'>unus</span> <span class='ocrx_word' id='word_1_52' title='bbox 417 837 478 874; x_wconf 92' lang='lat' dir='ltr'>vel</span> <span class='ocrx_word' id='word_1_53' title='bbox 508 837 588 874; x_wconf 94' lang='lat' dir='ltr'>duo</span> <span class='ocrx_word' id='word_1_54' title='bbox 619 843 745 874; x_wconf 89' lang='lat' dir='ltr'>tresve</span> <span class='ocrx_word' id='word_1_55' title='bbox 774 843 1019 885; x_wconf 84' lang='lat' dir='ltr'>quattuorve,</span> 
     </span>
    </p>

    <p class='ocr_par' dir='ltr' id='par_1_11' title="bbox 286 901 1518 1016">
     <span class='ocr_line' id='line_1_12' title="bbox 286 901 1518 952; baseline -0.002 -12"><span class='ocrx_word' id='word_1_56' title='bbox 286 903 429 952; x_wconf 91' lang='lat' dir='ltr'>pellem</span> <span class='ocrx_word' id='word_1_57' title='bbox 459 902 597 940; x_wconf 91' lang='lat' dir='ltr'>rodere</span> <span class='ocrx_word' id='word_1_58' title='bbox 627 901 695 951; x_wconf 85' lang='lat' dir='ltr'>qui</span> <span class='ocrx_word' id='word_1_59' title='bbox 723 901 845 940; x_wconf 91' lang='lat' dir='ltr'>velint</span> <span class='ocrx_word' id='word_1_60' title='bbox 874 901 1083 940; x_wconf 78' lang='lat' dir='ltr'>caninam:</span> <span class='ocrx_word' id='word_1_61' title='bbox 1479 915 1518 938; x_wconf 93' lang='lat'>10</span> 
     </span>
     <span class='ocr_line' id='line_1_13' title="bbox 286 966 1081 1016; baseline -0.001 -11"><span class='ocrx_word' id='word_1_62' title='bbox 286 980 359 1005; x_wconf 92' lang='lat' dir='ltr'>nos</span> <span class='ocrx_word' id='word_1_63' title='bbox 389 968 464 1005; x_wconf 90' lang='lat' dir='ltr'>hac</span> <span class='ocrx_word' id='word_1_64' title='bbox 492 980 515 1005; x_wconf 91' lang='lat' dir='ltr'>a</span> <span class='ocrx_word' id='word_1_65' title='bbox 544 966 677 1005; x_wconf 83' lang='lat' dir='ltr'>scabie</span> <span class='ocrx_word' id='word_1_66' title='bbox 707 974 888 1005; x_wconf 92' lang='lat' dir='ltr'>tenemus</span> <span class='ocrx_word' id='word_1_67' title='bbox 918 979 1081 1016; x_wconf 90' lang='lat' dir='ltr'>ungues.</span> 
     </span>
    </p>
   </div>
   <div class='ocr_carea' id='block_1_4' title="bbox 683 1106 802 1144">
    <p class='ocr_par' dir='ltr' id='par_1_12' title="bbox 683 1106 802 1144">
     <span class='ocr_line' id='line_1_14' title="bbox 683 1106 802 1144; baseline 0 -1"><span class='ocrx_word' id='word_1_68' title='bbox 683 1106 802 1144; x_wconf 90' lang='lat' dir='ltr'>LXII</span> 
     </span>
    </p>
   </div>
   <div class='ocr_carea' id='block_1_5' title="bbox 179 1192 1548 1699">
    <p class='ocr_par' dir='ltr' id='par_1_13' title="bbox 181 1192 1286 1309">
     <span class='ocr_line' id='line_1_15' title="bbox 181 1192 1286 1242; baseline -0.002 -10"><span class='ocrx_word' id='word_1_69' title='bbox 181 1196 271 1232; x_wconf 88' lang='lat' dir='ltr'>Iure</span> <span class='ocrx_word' id='word_1_70' title='bbox 300 1201 369 1232; x_wconf 92' lang='lat' dir='ltr'>tuo</span> <span class='ocrx_word' id='word_1_71' title='bbox 399 1193 541 1231; x_wconf 90' lang='lat' dir='ltr'>nostris</span> <span class='ocrx_word' id='word_1_72' title='bbox 571 1206 731 1231; x_wconf 88' lang='lat' dir='ltr'>maneas</span> <span class='ocrx_word' id='word_1_73' title='bbox 760 1192 863 1240; x_wconf 91' lang='lat' dir='ltr'>licet,</span> <span class='ocrx_word' id='word_1_74' title='bbox 894 1193 1051 1242; x_wconf 88' lang='lat' dir='ltr'>hospes,</span> <span class='ocrx_word' id='word_1_75' title='bbox 1083 1192 1123 1230; x_wconf 91' lang='lat' dir='ltr'>in</span> <span class='ocrx_word' id='word_1_76' title='bbox 1152 1192 1286 1239; x_wconf 88' lang='lat' dir='ltr'>hortis,</span> 
     </span>
     <span class='ocr_line' id='line_1_16' title="bbox 234 1258 1128 1309; baseline -0.001 -13"><span class='ocrx_word' id='word_1_77' title='bbox 234 1259 265 1297; x_wconf 88' lang='lat' dir='ltr'>si</span> <span class='ocrx_word' id='word_1_78' title='bbox 295 1267 407 1309; x_wconf 88' lang='lat' dir='ltr'>potes</span> <span class='ocrx_word' id='word_1_79' title='bbox 438 1258 477 1296; x_wconf 91' lang='lat' dir='ltr'>in</span> <span class='ocrx_word' id='word_1_80' title='bbox 507 1260 618 1297; x_wconf 89' lang='lat' dir='ltr'>nudo</span> <span class='ocrx_word' id='word_1_81' title='bbox 646 1272 795 1308; x_wconf 90' lang='lat' dir='ltr'>ponere</span> <span class='ocrx_word' id='word_1_82' title='bbox 824 1258 1003 1296; x_wconf 88' lang='lat' dir='ltr'>membra</span> <span class='ocrx_word' id='word_1_83' title='bbox 1030 1259 1128 1305; x_wconf 89' lang='lat' dir='ltr'>solo,</span> 
     </span>
    </p>

    <p class='ocr_par' dir='ltr' id='par_1_14' title="bbox 179 1323 1194 1439">
     <span class='ocr_line' id='line_1_17' title="bbox 179 1323 1177 1373; baseline -0.001 -11"><span class='ocrx_word' id='word_1_84' title='bbox 179 1332 245 1362; x_wconf 73' lang='lat' dir='ltr'>aut</span> <span class='ocrx_word' id='word_1_85' title='bbox 275 1324 307 1362; x_wconf 85' lang='lat' dir='ltr'>si</span> <span class='ocrx_word' id='word_1_86' title='bbox 336 1331 511 1373; x_wconf 87' lang='lat' dir='ltr'>portatur</span> <span class='ocrx_word' id='word_1_87' title='bbox 539 1331 671 1362; x_wconf 91' lang='lat' dir='ltr'>tecum</span> <span class='ocrx_word' id='word_1_88' title='bbox 701 1323 772 1361; x_wconf 87' lang='lat' dir='ltr'>tibi</span> <span class='ocrx_word' id='word_1_89' title='bbox 802 1336 944 1373; x_wconf 89' lang='lat' dir='ltr'>magna</span> <span class='ocrx_word' id='word_1_90' title='bbox 972 1324 1177 1373; x_wconf 74' lang='lat' dir='ltr'>supellex:</span> 
     </span>
     <span class='ocr_line' id='line_1_18' title="bbox 234 1388 1194 1439; baseline -0.001 -12"><span class='ocrx_word' id='word_1_91' title='bbox 234 1403 326 1427; x_wconf 82' lang='lat' dir='ltr'>nam</span> <span class='ocrx_word' id='word_1_92' title='bbox 357 1402 445 1427; x_wconf 89' lang='lat' dir='ltr'>mea</span> <span class='ocrx_word' id='word_1_93' title='bbox 472 1388 550 1427; x_wconf 86' lang='lat' dir='ltr'>iam</span> <span class='ocrx_word' id='word_1_94' title='bbox 580 1388 747 1439; x_wconf 84' lang='lat' dir='ltr'>digitum</span> <span class='ocrx_word' id='word_1_95' title='bbox 777 1388 933 1427; x_wconf 84' lang='lat' dir='ltr'>sustulit</span> <span class='ocrx_word' id='word_1_96' title='bbox 961 1388 1194 1438; x_wconf 88' lang='lat' dir='ltr'>hospitibus.</span> 
     </span>
    </p>

    <p class='ocr_par' dir='ltr' id='par_1_15' title="bbox 181 1453 1548 1569">
     <span class='ocr_line' id='line_1_19' title="bbox 181 1453 1548 1504; baseline -0.001 -12"><span class='ocrx_word' id='word_1_97' title='bbox 181 1456 288 1493; x_wconf 83' lang='lat' dir='ltr'>nulla</span> <span class='ocrx_word' id='word_1_98' title='bbox 316 1454 411 1504; x_wconf 87' lang='lat' dir='ltr'>tegit</span> <span class='ocrx_word' id='word_1_99' title='bbox 438 1455 712 1493; x_wconf 80' lang='lat' dir='ltr'>fractos—nec</span> <span class='ocrx_word' id='word_1_100' title='bbox 740 1453 1068 1492; x_wconf 86' lang='lat' dir='ltr'>inanis—culcita</span> <span class='ocrx_word' id='word_1_101' title='bbox 1096 1455 1229 1500; x_wconf 86' lang='lat' dir='ltr'>lectos,</span> <span class='ocrx_word' id='word_1_102' title='bbox 1497 1469 1515 1500; x_wconf 85' lang='lat'>5</span> <span class='ocrx_word' id='word_1_103' title='bbox 1541 1500 1548 1504; x_wconf 45' lang='grc'><strong>,</strong></span> 
     </span>
     <span class='ocr_line' id='line_1_20' title="bbox 234 1518 1037 1569; baseline 0 -12"><span class='ocrx_word' id='word_1_104' title='bbox 234 1519 357 1569; x_wconf 89' lang='lat' dir='ltr'>putris</span> <span class='ocrx_word' id='word_1_105' title='bbox 387 1527 425 1558; x_wconf 91' lang='lat' dir='ltr'>et</span> <span class='ocrx_word' id='word_1_106' title='bbox 453 1519 621 1569; x_wconf 83' lang='lat' dir='ltr'>abrupta</span> <span class='ocrx_word' id='word_1_107' title='bbox 648 1518 768 1557; x_wconf 88' lang='lat' dir='ltr'>fascia</span> <span class='ocrx_word' id='word_1_108' title='bbox 796 1527 897 1557; x_wconf 91' lang='lat' dir='ltr'>reste</span> <span class='ocrx_word' id='word_1_109' title='bbox 926 1518 1037 1557; x_wconf 85' lang='lat' dir='ltr'>iacet.</span> 
     </span>
    </p>

    <p class='ocr_par' dir='ltr' id='par_1_16' title="bbox 182 1582 1297 1699">
     <span class='ocr_line' id='line_1_21' title="bbox 182 1582 1236 1634; baseline 0 -12"><span class='ocrx_word' id='word_1_110' title='bbox 182 1585 229 1623; x_wconf 85' lang='lat' dir='ltr'>sit</span> <span class='ocrx_word' id='word_1_111' title='bbox 258 1592 391 1623; x_wconf 87' lang='lat' dir='ltr'>tamen</span> <span class='ocrx_word' id='word_1_112' title='bbox 421 1584 637 1634; x_wconf 84' lang='lat' dir='ltr'>hospitium</span> <span class='ocrx_word' id='word_1_113' title='bbox 667 1584 782 1622; x_wconf 92' lang='lat' dir='ltr'>nobis</span> <span class='ocrx_word' id='word_1_114' title='bbox 811 1597 1025 1622; x_wconf 90' lang='lat' dir='ltr'>commune</span> <span class='ocrx_word' id='word_1_115' title='bbox 1054 1582 1236 1622; x_wconf 91' lang='lat' dir='ltr'>duobus:</span> 
     </span>
     <span class='ocr_line' id='line_1_22' title="bbox 237 1648 1297 1699; baseline 0 -11"><span class='ocrx_word' id='word_1_116' title='bbox 237 1649 314 1688; x_wconf 90' lang='lat' dir='ltr'>emi</span> <span class='ocrx_word' id='word_1_117' title='bbox 344 1651 506 1697; x_wconf 70' lang='lat' dir='ltr'>hortos,</span> <span class='ocrx_word' id='word_1_118' title='bbox 544 1651 632 1699; x_wconf 89' lang='lat' dir='ltr'>plus</span> <span class='ocrx_word' id='word_1_119' title='bbox 661 1657 743 1688; x_wconf 91' lang='lat' dir='ltr'>est:</span> <span class='ocrx_word' id='word_1_120' title='bbox 782 1649 930 1688; x_wconf 88' lang='lat' dir='ltr'>instrue</span> <span class='ocrx_word' id='word_1_121' title='bbox 960 1657 1001 1687; x_wconf 94' lang='lat' dir='ltr'>tu</span> <span class='ocrx_word' id='word_1_122' title='bbox 1018 1663 1029 1697; x_wconf 88' lang='lat'>,·</span> <span class='ocrx_word' id='word_1_123' title='bbox 1067 1648 1198 1688; x_wconf 89' lang='lat' dir='ltr'>minus</span> <span class='ocrx_word' id='word_1_124' title='bbox 1228 1656 1297 1688; x_wconf 88' lang='lat' dir='ltr'>est.</span> 
     </span>
    </p>
   </div>
   <div class='ocr_carea' id='block_1_6' title="bbox 671 1783 814 1820">
    <p class='ocr_par' dir='ltr' id='par_1_17' title="bbox 671 1783 814 1820">
     <span class='ocr_line' id='line_1_23' title="bbox 671 1783 814 1820; baseline 0 0"><span class='ocrx_word' id='word_1_125' title='bbox 671 1783 814 1820; x_wconf 90' lang='lat' dir='ltr'>LXIII</span> 
     </span>
    </p>
   </div>
   <div class='ocr_carea' id='block_1_7' title="bbox 185 1863 1516 2237">
    <p class='ocr_par' dir='ltr' id='par_1_18' title="bbox 186 1863 1342 1978">
     <span class='ocr_line' id='line_1_24' title="bbox 186 1863 1342 1913; baseline 0.001 -12"><span class='ocrx_word' id='word_1_126' title='bbox 186 1863 318 1912; x_wconf 82' lang='lat' dir='ltr'>‘Quid</span> <span class='ocrx_word' id='word_1_127' title='bbox 348 1863 493 1902; x_wconf 78' lang='lat' dir='ltr'>sentis&#39;</span> <span class='ocrx_word' id='word_1_128' title='bbox 521 1863 652 1913; x_wconf 86' lang='lat' dir='ltr'>inquis</span> <span class='ocrx_word' id='word_1_129' title='bbox 684 1865 757 1902; x_wconf 93' lang='lat' dir='ltr'>‘de</span> <span class='ocrx_word' id='word_1_130' title='bbox 785 1863 938 1911; x_wconf 85' lang='lat' dir='ltr'>nostris,</span> <span class='ocrx_word' id='word_1_131' title='bbox 972 1865 1109 1902; x_wconf 90' lang='lat' dir='ltr'>Marce</span> <span class='ocrx_word' id='word_1_132' title='bbox 1150 1863 1342 1903; x_wconf 88' lang='lat' dir='ltr'>libellis?&#39;</span> 
     </span>
     <span class='ocr_line' id='line_1_25' title="bbox 237 1926 1125 1978; baseline 0.001 -13"><span class='ocrx_word' id='word_1_133' title='bbox 237 1927 293 1965; x_wconf 90' lang='lat' dir='ltr'>sic</span> <span class='ocrx_word' id='word_1_134' title='bbox 322 1940 386 1965; x_wconf 91' lang='lat' dir='ltr'>me</span> <span class='ocrx_word' id='word_1_135' title='bbox 415 1926 616 1974; x_wconf 86' lang='lat' dir='ltr'>sollicitus,</span> <span class='ocrx_word' id='word_1_136' title='bbox 647 1927 823 1975; x_wconf 88' lang='lat' dir='ltr'>Pontice,</span> <span class='ocrx_word' id='word_1_137' title='bbox 855 1941 973 1978; x_wconf 89' lang='lat' dir='ltr'>saepe</span> <span class='ocrx_word' id='word_1_138' title='bbox 1001 1941 1125 1978; x_wconf 85' lang='lat' dir='ltr'>rogas.</span> 
     </span>
    </p>

    <p class='ocr_par' dir='ltr' id='par_1_19' title="bbox 185 1991 1156 2108">
     <span class='ocr_line' id='line_1_26' title="bbox 185 1991 1156 2042; baseline 0.002 -13"><span class='ocrx_word' id='word_1_139' title='bbox 185 1991 380 2039; x_wconf 77' lang='lat' dir='ltr'>Admiror,</span> <span class='ocrx_word' id='word_1_140' title='bbox 413 1999 576 2041; x_wconf 89' lang='lat' dir='ltr'>stupeo:</span> <span class='ocrx_word' id='word_1_141' title='bbox 616 1992 714 2030; x_wconf 88' lang='lat' dir='ltr'>nihil</span> <span class='ocrx_word' id='word_1_142' title='bbox 743 2000 801 2031; x_wconf 82' lang='lat' dir='ltr'>est</span> <span class='ocrx_word' id='word_1_143' title='bbox 830 1993 1041 2042; x_wconf 89' lang='lat' dir='ltr'>perfectius</span> <span class='ocrx_word' id='word_1_144' title='bbox 1070 1993 1156 2040; x_wconf 90' lang='lat' dir='ltr'>illis,</span> 
     </span>
     <span class='ocr_line' id='line_1_27' title="bbox 237 2057 966 2108; baseline 0.001 -13"><span class='ocrx_word' id='word_1_145' title='bbox 237 2057 321 2107; x_wconf 90' lang='lat' dir='ltr'>ipse</span> <span class='ocrx_word' id='word_1_146' title='bbox 350 2065 419 2095; x_wconf 92' lang='lat' dir='ltr'>tuo</span> <span class='ocrx_word' id='word_1_147' title='bbox 448 2058 563 2096; x_wconf 85' lang='lat' dir='ltr'>cedet</span> <span class='ocrx_word' id='word_1_148' title='bbox 593 2059 768 2107; x_wconf 83' lang='lat' dir='ltr'>Regulus</span> <span class='ocrx_word' id='word_1_149' title='bbox 797 2057 966 2108; x_wconf 88' lang='lat' dir='ltr'>ingenio.</span> 
     </span>
    </p>

    <p class='ocr_par' dir='ltr' id='par_1_20' title="bbox 186 2121 1516 2237">
     <span class='ocr_line' id='line_1_28' title="bbox 186 2121 1516 2171; baseline 0.002 -12"><span class='ocrx_word' id='word_1_150' title='bbox 186 2124 304 2160; x_wconf 79' lang='lat' dir='ltr'>‘Hoc</span> <span class='ocrx_word' id='word_1_151' title='bbox 334 2121 508 2160; x_wconf 86' lang='lat' dir='ltr'>sentis?&#39;</span> <span class='ocrx_word' id='word_1_152' title='bbox 547 2121 677 2171; x_wconf 85' lang='lat' dir='ltr'>inquis</span> <span class='ocrx_word' id='word_1_153' title='bbox 709 2122 847 2161; x_wconf 87' lang='lat' dir='ltr'>‘faciat</span> <span class='ocrx_word' id='word_1_154' title='bbox 877 2122 948 2161; x_wconf 90' lang='lat' dir='ltr'>tibi</span> <span class='ocrx_word' id='word_1_155' title='bbox 977 2122 1034 2161; x_wconf 89' lang='lat' dir='ltr'>sic</span> <span class='ocrx_word' id='word_1_156' title='bbox 1063 2123 1166 2162; x_wconf 86' lang='lat' dir='ltr'>bene</span> <span class='ocrx_word' id='word_1_157' title='bbox 1196 2123 1352 2170; x_wconf 87' lang='lat' dir='ltr'>Caesar,</span> <span class='ocrx_word' id='word_1_158' title='bbox 1499 2140 1516 2170; x_wconf 87' lang='lat'>5</span> 
     </span>
     <span class='ocr_line' id='line_1_29' title="bbox 239 2186 1104 2237; baseline 0.001 -12"><span class='ocrx_word' id='word_1_159' title='bbox 239 2187 294 2225; x_wconf 86' lang='lat' dir='ltr'>sic</span> <span class='ocrx_word' id='word_1_160' title='bbox 323 2186 572 2237; x_wconf 79' lang='lat' dir='ltr'>Capitolinus</span> <span class='ocrx_word' id='word_1_161' title='bbox 603 2187 804 2237; x_wconf 86' lang='lat' dir='ltr'>Iuppiter.’</span> <span class='ocrx_word' id='word_1_162' title='bbox 861 2189 993 2226; x_wconf 93' lang='lat' dir='ltr'>Immo</span> <span class='ocrx_word' id='word_1_163' title='bbox 1022 2188 1104 2226; x_wconf 92' lang='lat' dir='ltr'>tibi.</span> 
     </span>
    </p>
   </div>
   <div class='ocr_carea' id='block_1_8' title="bbox 232 2290 1522 2333">
    <p class='ocr_par' dir='ltr' id='par_1_21' title="bbox 232 2290 1522 2333">
     <span class='ocr_line' id='line_1_30' title="bbox 232 2290 1522 2333; baseline 0.002 -13"><span class='ocrx_word' id='word_1_164' title='bbox 232 2290 294 2321; x_wconf 90' lang='lat' dir='ltr'>LX</span> <span class='ocrx_word' id='word_1_165' title='bbox 319 2301 337 2329; x_wconf 89' lang='lat'><strong>4</strong></span> <span class='ocrx_word' id='word_1_166' title='bbox 363 2301 382 2321; x_wconf 85' lang='lat' dir='ltr'>a</span> <span class='ocrx_word' id='word_1_167' title='bbox 394 2291 445 2321; x_wconf 80' lang='grc' dir='ltr'>ΒΑ</span> <span class='ocrx_word' id='word_1_168' title='bbox 463 2302 469 2321; x_wconf 80' lang='lat' dir='ltr'>z</span> <span class='ocrx_word' id='word_1_169' title='bbox 486 2291 520 2321; x_wconf 90' lang='lat' dir='ltr'>in</span> <span class='ocrx_word' id='word_1_170' title='bbox 534 2290 582 2321; x_wconf 77' lang='lat' dir='ltr'>CA</span> <span class='ocrx_word' id='word_1_171' title='bbox 643 2300 661 2330; x_wconf 88' lang='lat'>5</span> <span class='ocrx_word' id='word_1_172' title='bbox 686 2291 803 2322; x_wconf 87' lang='lat' dir='ltr'>urbem</span> <span class='ocrx_word' id='word_1_173' title='bbox 813 2291 866 2321; x_wconf 82' lang='grc' dir='ltr'>ΒΑ</span> <span class='ocrx_word' id='word_1_174' title='bbox 883 2303 890 2322; x_wconf 88' lang='lat'>:</span> <span class='ocrx_word' id='word_1_175' title='bbox 907 2292 1025 2322; x_wconf 89' lang='lat' dir='ltr'>orbem</span> <span class='ocrx_word' id='word_1_176' title='bbox 1038 2292 1087 2323; x_wconf 70' lang='lat' dir='ltr'>CA</span> <span class='ocrx_word' id='word_1_177' title='bbox 1154 2292 1174 2322; x_wconf 90' lang='lat'>8</span> <span class='ocrx_word' id='word_1_178' title='bbox 1199 2292 1341 2333; x_wconf 86' lang='lat' dir='ltr'>derunt]</span> <span class='ocrx_word' id='word_1_179' title='bbox 1356 2297 1457 2324; x_wconf 87' lang='lat' dir='ltr'>erunt</span> <span class='ocrx_word' id='word_1_180' title='bbox 1467 2292 1522 2322; x_wconf 78' lang='lat' dir='ltr'>BA</span> 
     </span>
    </p>
   </div>
   <div class='ocr_carea' id='block_1_9' title="bbox 190 2334 1518 2418">
    <p class='ocr_par' dir='ltr' id='par_1_22' title="bbox 190 2334 1518 2418">
     <span class='ocr_line' id='line_1_31' title="bbox 232 2334 1518 2372; baseline 0.002 -8"><span class='ocrx_word' id='word_1_181' title='bbox 232 2334 326 2364; x_wconf 83' lang='lat' dir='ltr'>LXII</span> <span class='ocrx_word' id='word_1_182' title='bbox 353 2345 372 2372; x_wconf 85' lang='lat'><strong>4</strong></span> <span class='ocrx_word' id='word_1_183' title='bbox 397 2334 534 2365; x_wconf 90' lang='lat' dir='ltr'>dicitum</span> <span class='ocrx_word' id='word_1_184' title='bbox 553 2334 601 2365; x_wconf 68' lang='lat' dir='ltr'>CA</span> <span class='ocrx_word' id='word_1_185' title='bbox 763 2337 784 2366; x_wconf 90' lang='lat'><strong>6</strong></span> <span class='ocrx_word' id='word_1_186' title='bbox 808 2335 920 2366; x_wconf 86' lang='lat' dir='ltr'>fascea</span> <span class='ocrx_word' id='word_1_187' title='bbox 936 2335 991 2366; x_wconf 72' lang='grc' dir='ltr'>ΒΑ</span> <span class='ocrx_word' id='word_1_188' title='bbox 1140 2336 1160 2366; x_wconf 92' lang='grc'>8</span> <span class='ocrx_word' id='word_1_189' title='bbox 1185 2335 1386 2367; x_wconf 83' lang='lat' dir='ltr'>instructum</span> <span class='ocrx_word' id='word_1_190' title='bbox 1405 2346 1446 2368; x_wconf 87' lang='lat' dir='ltr'>m.</span> <span class='ocrx_word' id='word_1_191' title='bbox 1463 2336 1518 2366; x_wconf 75' lang='grc' dir='ltr'>ΒΑ</span> 
     </span>
     <span class='ocr_line' id='line_1_32' title="bbox 190 2380 415 2418; baseline 0 -10"><span class='ocrx_word' id='word_1_192' title='bbox 190 2380 274 2417; x_wconf 53' lang='lat' dir='ltr'>(tum</span> <span class='ocrx_word' id='word_1_193' title='bbox 287 2383 348 2418; x_wconf 82' lang='lat' dir='ltr'>pro</span> <span class='ocrx_word' id='word_1_194' title='bbox 365 2380 415 2418; x_wconf 78' lang='lat' dir='ltr'>tu)</span> 
     </span>
    </p>
   </div>
  </div>
 </body>
</html>
