1648 2729
440 168 624 206 INDEX
662 168 1133 208 EPIGRAMMATON

181 281 312 313 Tinctis
330 281 458 312 murice
473 281 624 312 vestibus
640 281 730 321 quod
748 280 840 312 omni
887 281 947 321 IX,
962 282 1016 313 62.

183 325 321 363 Titulle,
339 336 472 362 moneo,
490 326 566 356 vive
583 337 589 356 ε
616 336 754 365 semper
770 325 834 355 hoc
852 336 965 356 serum
983 331 1036 356 est
1082 325 1177 365 VIII,
1194 337 1245 365 44.

181 368 289 408 Tolle,
308 379 406 409 puer,
423 369 547 400 calices
564 370 740 409 tepidique
757 373 946 400 toreumata
966 369 1034 400 Nili
1083 369 1145 408 XI,
1167 379 1201 400 11

182 413 406 453 Tongilianus
421 413 522 444 habet
539 423 669 451 nasum,
689 412 772 450 scio,
791 423 858 443 non
879 424 953 448 ergo.
997 414 1067 444 Sed
1085 414 1149 444 iam
1197 413 1278 452 XII,
1296 415 1350 446 88.

183 456 370 488 Tonsorem
388 467 532 496 puerum
550 457 610 488 sed
627 462 702 487 arte
721 457 821 487 talem
867 456 961 488 V111.
980 467 1031 496 52.

182 500 346 532 Tonstrix
363 500 518 531 Suburae
537 501 689 531 faucibus
705 500 803 531 sedet
821 501 939 540 primis
985 500 1029 539 II,
1051 512 1101 540 17.

183 544 292 582 Totis,
311 544 420 582 Galle,
438 545 535 575 iubes
551 545 610 575 tibi
628 555 682 574 me
699 546 828 575 servire
846 545 966 575 diebus
1012 545 1055 582 X,
1073 546 1125 585 56.

182 588 270 619 Toto
285 589 414 619 vertice
431 593 514 627 quot
530 589 618 628 gerit
636 589 777 628 capillos
822 588 902 627 XII,
923 599 950 627 7.

181 632 268 662 Tres
284 632 401 662 habuit
418 633 550 662 dentes.
569 632 696 672 pariter
711 643 797 671 quos
813 633 932 671 expuit
948 643 1068 664 omnes
1111 632 1207 665 VIII.
1226 643 1279 672 57.

181 676 336 715 Triginta
353 676 434 706 mihi
451 681 679 716 quattuorque
696 686 825 706 messes
874 675 952 709 ΧΙΙ,
970 686 1022 716 34.

182 719 338 758 Triginta
355 724 427 750 toto
444 721 531 750 mala
549 726 627 750 sunt
645 720 891 759 epigrammata
909 721 995 750 libro
1040 719 1118 757 VII,
1136 722 1188 751 81.

180 763 294 794 Triste
310 764 531 803 supercilium
549 764 693 803 durique
710 774 828 794 severa
844 764 987 794 Catonis
1032 763 1093 799 XI,
1114 775 1143 796 2.

182 807 304 838 Tristis
321 807 564 846 Athenagoras
582 818 646 837 non
665 808 757 838 misit
774 818 915 838 munera
934 808 1030 838 nobis
1076 808 1169 843 V111‚
1188 819 1239 847 41.

181 851 306 882 Tristis
323 861 361 881 es
378 857 412 881 et
429 851 521 882 felix.
570 851 662 882 Sciat
680 852 742 882 hoc
764 851 911 882 Fortuna
929 856 1047 882 caveto
1091 852 1148 885 VI.
1170 863 1220 891 79.

181 895 232 926 Tu
251 895 370 926 Setina
388 896 525 934 quidem
542 905 679 934 semper
693 896 746 925 vel
765 895 911 925 Massica
928 895 1029 935 ponis
1074 894 1132 933 IV,
1150 898 1206 935 69.

181 939 293 970 Turba
310 939 422 978 gravis
438 939 513 979 paci
530 939 752 979 placidaeque
769 939 905 970 inimica
921 939 1028 979 quieti
1074 938 1136 979 Ep.
1157 952 1187 979 4.

181 983 314 1014 Tuscae
332 984 464 1021 glandis
481 993 565 1023 aper
581 984 763 1023 populator
780 988 813 1014 et
831 983 907 1013 ilice
925 984 1029 1014 multa
1073 983 1151 1021 VII,
1169 994 1221 1023 27.

180 1073 276 1103 Vade
292 1073 474 1103 salutatum
494 1082 554 1112 pro
571 1082 637 1110 me,
655 1072 741 1102 liber
756 1083 763 1102 :
787 1071 835 1102 ire
852 1071 980 1102 iuberis
1026 1071 1051 1109 I,
1072 1083 1121 1111 70.

180 1117 327 1156 Vapulat
343 1117 485 1146 adsidue
502 1116 616 1146 veneti
633 1116 798 1156 quadriga
815 1116 949 1154 flagello
993 1115 1052 1155 VI,
1071 1117 1125 1155 46.

181 1161 283 1198 Vare,
302 1160 525 1190 Paraetonias
544 1159 640 1190 Latia
657 1160 757 1189 modo
775 1160 843 1190 vite
860 1170 921 1199 per
938 1159 1037 1190 urbes
1085 1160 1128 1199 X,
1147 1161 1198 1190 26.

180 1204 303 1243 Varro,
322 1204 517 1243 Sophocleo
535 1214 602 1234 non
620 1204 799 1234 infitiande
816 1204 983 1234 cothurno
1030 1204 1071 1241 V,
1089 1214 1141 1243 30.

180 1247 278 1279 Vatis
294 1248 468 1287 Apollinei
485 1258 608 1286 magno
625 1247 854 1277 memorabIlis
871 1252 945 1278 ortu
992 1246 1067 1280 VII.
1087 1258 1139 1279 22.

180 1290 372 1323 Veientana
389 1291 471 1322 mihi
490 1292 624 1328 misces,
643 1291 698 1321 ubi
719 1291 863 1321 Massica
881 1296 980 1331 potas
1027 1290 1088 1327 ΙΙΙ,
1107 1302 1160 1330 49.

180 1335 356 1366 Venderet
372 1336 528 1366 excultos
545 1336 650 1366 colles
667 1346 742 1365 cum
760 1346 884 1374 praeco
901 1336 1030 1366 facetus
1077 1335 1101 1375 Ι,
1123 1337 1173 1375 85.

180 1379 345 1410 Vendunt
361 1380 511 1410 carmina
528 1379 648 1409 Gallus
665 1384 699 1409 et
717 1378 894 1418 Lupercus
940 1378 1019 1418 XII,
1039 1389 1091 1418 47.

181 1423 333 1454 Verbera
349 1424 461 1454 securi
479 1422 601 1453 solitus
618 1424 671 1453 leo
691 1423 778 1453 ferre
796 1423 949 1462 magistri
998 1422 1040 1463 ΙΙ,
1064 1433 1114 1462 75.

180 1467 453 1498 Vernaculorum
471 1468 570 1506 dicta,
591 1467 767 1497 sordidum
785 1467 921 1497 dentem
968 1466 1011 1505 X,
1031 1477 1061 1506 3.

181 1511 320 1541 Verona
337 1511 426 1541 docti
443 1511 592 1549 syllabas
609 1516 698 1541 amat
716 1511 801 1540 vatis
850 1510 874 1543 Ι.
894 1512 945 1540 61.

181 1555 378 1586 Versiculos
396 1555 429 1585 in
447 1565 500 1585 me
518 1559 675 1585 narratur
690 1554 840 1585 scribere
857 1555 969 1584 Cinna
1016 1553 1076 1594 III,
1096 1565 1116 1593 9

181 1599 313 1630 Versus
329 1599 478 1629 scribere
496 1609 599 1638 posse
617 1603 649 1628 te
667 1599 817 1628 disertos
862 1598 920 1635 VI,
944 1608 992 1637 14.

181 1643 333 1678 Vexerat
351 1643 512 1682 Europen
530 1643 678 1673 fraterna
695 1653 757 1682 per
773 1653 924 1681 aequora
941 1647 1059 1673 taurus
1105 1641 1166 1683 Ep.
1188 1645 1235 1683 16,
1254 1643 1285 1674 b.

181 1686 260 1717 Vibi
278 1686 439 1726 Maxime,
460 1687 488 1716 si
505 1697 606 1717 vacas
624 1687 751 1716 havere
798 1686 858 1719 XI.
883 1687 954 1718 106.

180 1729 323 1761 Vicinus
340 1741 436 1761 meus
453 1735 505 1760 est
522 1741 693 1769 manuque
711 1730 804 1768 tangi
852 1729 876 1769 Ι,
897 1731 949 1760 86.

181 1774 354 1805 Vidissem
371 1775 472 1804 modo
490 1773 579 1804 forte
596 1784 672 1804 cum
689 1775 866 1804 sedentem
913 1773 952 1813 V,
973 1785 1027 1813 49.

180 1817 305 1848 Vidisti
322 1819 437 1858 semel,
459 1818 628 1857 Oppiane,
649 1823 779 1848 tantum
825 1817 920 1857 VIII,
939 1828 991 1857 25.

181 1861 318 1892 Vimine
335 1863 449 1892 clausa
467 1862 532 1892 levi
552 1862 672 1891 niveae
690 1862 845 1892 custodia
863 1867 980 1892 coctae
1028 1861 1070 1902 II,
1091 1864 1143 1903 85.

180 1905 439 1936 Vindemiarum
458 1917 525 1936 non
543 1906 670 1944 ubique
687 1912 875 1945 proventus
922 1905 982 1945 IX,
1002 1906 1056 1945 98.

181 1949 242 1980 Vir
258 1949 369 1980 bonus
387 1955 420 1980 et
438 1959 569 1989 pauper
585 1949 771 1989 linguaque
789 1955 822 1980 et
839 1954 978 1988 pectore
996 1960 1099 1980 verus
1146 1949 1202 1990 IV,
1223 1961 1253 1990 5.

180 1994 243 2024 Vir
259 1993 441 2024 Celtiberis
460 2003 527 2023 non
544 1993 689 2023 tacende
705 1993 864 2032 gentibus
911 1992 935 2032 Ι,
955 2004 1008 2032 49.

181 2038 242 2068 Vis
259 2037 489 2068 commendari
507 2037 580 2067 sine
596 2047 650 2066 me
668 2046 831 2067 cursurus
848 2036 882 2066 in
900 2037 1018 2067 urbem
1065 2037 1126 2075 ΙΙΙ,
1147 2048 1178 2077 5.

181 2081 242 2112 Vis
261 2081 334 2111 fieri
352 2081 460 2111 liber?
486 2081 652 2120 mentiris,
674 2080 833 2120 Maxime,
855 2091 922 2110 non
940 2081 991 2111 vis
1038 2080 1081 2121 11,
1101 2092 1154 2120 53.

181 2125 242 2155 Vis
259 2130 302 2165 te,
324 2124 442 2164 Sexte,
462 2125 546 2155 coli:
570 2124 725 2154 volebam
744 2135 858 2154 amare
906 2123 949 2164 II,
970 2134 1021 2164 55.

181 2169 294 2199 Vitam
311 2179 398 2208 quae
414 2168 540 2199 faciant
556 2169 742 2198 beatiorem
790 2168 832 2207 X,
853 2178 904 2206 47.

181 2212 304 2243 Vivida
321 2223 396 2243 cum
414 2222 536 2252 poscas
552 2213 807 2251 epigrammata,
826 2216 960 2242 mortua
977 2212 1078 2251 ponis
1124 2211 1186 2249 XI,
1204 2222 1256 2251 42.

181 2256 302 2287 Vmida
319 2266 386 2296 qua
402 2256 531 2295 gelidas
548 2256 727 2286 summittit
744 2255 889 2285 Trebula
905 2255 1011 2285 valles
1054 2255 1094 2294 V,
1116 2266 1165 2294 71.

181 2299 256 2330 Vna
273 2304 325 2331 est
342 2300 375 2329 in
393 2300 520 2330 nostris
539 2304 606 2336 tua,
628 2299 818 2338 Fidentine,
839 2299 962 2329 libellis
1010 2299 1034 2340 Ι,
1055 2309 1108 2339 53.

181 2343 303 2374 Vnctis
320 2343 464 2375 falciferi
481 2344 574 2374 senis
592 2343 712 2374 diebus
759 2342 821 2381 XI,
839 2344 870 2374 6.

181 2387 293 2417 Vncto
311 2387 471 2418 Corduba
487 2387 610 2418 laetior
625 2387 775 2417 Venafro
822 2386 903 2424 XII,
920 2387 973 2424 63.

181 2430 352 2462 Vndecies
371 2442 437 2461 una
454 2432 615 2470 surrexti,
633 2431 739 2469 Zosse,
760 2441 845 2461 cena
891 2430 931 2468 V,
951 2441 1002 2470 79.

182 2474 338 2506 Vndeuis
355 2475 569 2515 pedibusque
584 2475 794 2515 syllabisque
842 2474 887 2512 X,
904 2485 938 2513 9.
