1648 2729
161 132 218 169 M.
250 131 373 168 VAL.
406 131 722 170 MARTIALIS

646 246 780 283 LXVI

160 317 234 353 Par
263 316 390 353 scelus
420 314 579 353 admisit
609 314 760 353 Phariis
791 314 990 354 Antonius
1020 316 1160 355 armis:

212 379 382 418 abscidit
411 382 540 418 voltus
570 380 675 418 ensis
705 388 871 430 uterque
900 394 1042 420 sacros.

159 445 266 492 illud,
298 444 510 494 laurigeros
540 459 673 495 ageres
703 458 795 483 cum
824 447 926 484 laeta
955 446 1188 496 triumphos,

213 511 290 548 hoc
319 509 402 557 tibi,
435 511 577 557 Roma,
609 518 738 560 caput,
771 524 862 549 cum
892 511 1118 561 loquereris,
1150 519 1242 550 erat.

159 575 309 614 Antoni
339 583 472 613 tamen
502 583 560 613 est
590 575 700 625 peior
728 589 848 626 quam
879 590 1018 615 caussa
1047 576 1231 615 Pothini:

212 640 276 678 hic
305 640 457 679 facinus
487 640 653 679 domino
683 641 884 691 praestitit,
918 641 982 680 ille
1011 641 1096 681 sibi.

643 729 802 766 LXVII

267 793 450 841 Cessatis,
483 793 602 843 pueri,
635 793 813 844 nihilque
843 794 978 842 nostis,

265 861 440 897 Vaterno
471 858 701 909 Rasinaque
730 859 930 909 pigriores,

265 937 434 974 quorum
465 938 535 975 per
563 926 664 963 vada
692 926 804 963 tarda
832 925 1061 975 navigantes

265 992 393 1028 lentos
422 989 598 1040 tinguitis
627 991 679 1028 ad
709 992 889 1029 celeuma
917 1005 1058 1030 remos.

265 1055 342 1093 iarn
371 1068 499 1104 prono
529 1056 779 1094 Phaethonte
808 1057 924 1094 sudat
953 1057 1114 1095 Aethon
1476 1076 1493 1106 5

264 1119 485 1169 exarsitque
515 1119 599 1158 dies
629 1127 668 1158 et
697 1121 794 1158 hora
822 1122 945 1159 lassos

264 1184 490 1235 interiungit
520 1198 644 1235 equos
675 1185 903 1224 meridiana.

264 1258 302 1288 at
332 1264 400 1289 vos
430 1258 510 1288 tam
540 1250 715 1301 placidas
744 1250 831 1301 vagi
860 1265 930 1301 per
959 1253 1086 1290 undas

265 1323 349 1353 tuta
378 1315 513 1354 luditis
543 1315 668 1354 otium
698 1316 840 1354 carina.

264 1394 345 1419 non
375 1388 514 1419 nautas
544 1389 641 1432 puto
670 1395 751 1429 vos,
783 1383 854 1421 sed
884 1384 1144 1433 Argonautas.
1455 1401 1494 1423 10

615 1471 814 1508 LXXVII

156 1536 242 1572 Nec
273 1536 416 1572 mullus
447 1548 520 1573 nec
551 1542 588 1573 te
618 1536 800 1583 delectat,
833 1535 1004 1583 Baetice,
1037 1537 1186 1585 turdus,

209 1613 282 1637 nec
312 1601 423 1649 lepus
453 1608 511 1638 est
542 1614 732 1650 umquam
762 1614 837 1639 nec
866 1601 937 1639 tibi
966 1609 1097 1651 gratus
1126 1615 1220 1652 aper
1237 1616 1248 1650 3

156 1677 228 1702 nec
259 1672 296 1703 te
326 1665 405 1703 liba
435 1664 569 1703 iuvant
599 1679 672 1704 nec
702 1674 832 1704 sectae
862 1668 1013 1716 quadra
1041 1668 1256 1717 placentae,

208 1743 282 1768 nec
314 1730 437 1779 Libye
468 1730 585 1768 mittit
615 1744 689 1769 nec
719 1731 790 1769 tibi
821 1731 958 1770 Phasis
987 1745 1105 1770 aves:

153 1794 339 1844 capparin
369 1803 407 1833 et
436 1795 539 1845 putri
568 1810 685 1846 cepas
713 1798 836 1853 allece
866 1797 1037 1836 natantis
1471 1816 1488 1845 ,ς

207 1868 245 1898 et
275 1862 436 1911 pulpam
466 1861 590 1900 dubio
619 1863 670 1901 de
699 1870 888 1912 petasone
917 1877 1040 1910 voras,

154 1934 271 1975 teque
301 1925 435 1964 iuvant
463 1939 591 1976 gerres
621 1934 659 1965 et
689 1929 791 1978 pelle
821 1929 1050 1978 melandrya
1078 1941 1187 1975 cana,

206 1990 375 2029 resinata
404 1991 506 2029 bibis
536 1991 635 2039 vina,
670 1994 834 2031 Falerna
863 1993 974 2044 fugis.

154 2055 300 2094 Nescio
330 2058 439 2106 quod
468 2058 663 2096 stomachi
692 2058 831 2096 vitium
861 2058 1047 2097 secretius
1077 2072 1163 2097 esse

206 2121 382 2171 suspicor
400 2136 407 2159 :
446 2129 489 2160 ut
518 2122 614 2172 quid
644 2122 764 2171 enim,
795 2123 965 2170 Baetice,
997 2122 1250 2174 saprophagis
1265 2125 1281 2162 ?
1449 2141 1488 2163 10

197 2225 306 2288 LI}V1
335 2235 348 2255 1
376 2225 509 2256 Phariis
525 2225 600 2258 Ital.
617 2237 624 2257 ε
656 2226 750 2258 fartis
768 2226 864 2267 (-tus)
882 2227 938 2257 BA
956 2227 983 2268 (t
993 2232 1055 2268 pro
1072 2227 1098 2268 i)
1115 2239 1122 2258 :
1149 2227 1265 2266 paruis
1283 2227 1331 2257 CA
1466 2238 1485 2267 5

151 2279 187 2298 es
197 2269 325 2342 LBXVH
350 2322 369 2341 2
397 2312 609 2355 Rasinaque]
629 2323 683 2344 res
700 2314 814 2353 inique
833 2314 881 2344 CA
967 2325 988 2354 9
1012 2314 1149 2345 carinae
1169 2315 1217 2346 CA

196 2355 358 2385 LXXVII
385 2366 405 2395 3
422 2362 514 2387 secta
530 2357 584 2387 BA
717 2369 735 2397 4
761 2368 843 2389 auos
862 2358 910 2389 CA
929 2358 962 2399 (ο
972 2364 1035 2400 pro
1051 2359 1084 2400 e)
1219 2367 1238 2397 5
1263 2358 1418 2398 capparis
1437 2358 1484 2388 CA

151 2410 167 2438 7
197 2399 288 2429 iuuat
309 2398 357 2430 CA
