1648 2729
179 139 236 175 M.
269 139 394 176 VAL.
428 138 744 176 MARTIALIS

177 258 330 289 aestuet
358 257 402 289 ut
430 258 566 289 nostro
595 250 780 290 madidus
809 250 975 290 conviva
1004 251 1195 300 ministro,

233 329 353 366 quem
383 324 650 366 permutatum
679 330 754 355 nec
784 318 1018 367 Ganymede
1046 317 1170 366 velis3

180 389 222 419 ut
250 383 444 420 lutulenta
471 381 569 420 linat
597 381 736 432 Tyrias
766 382 863 420 mihi
892 384 999 421 mula
1027 384 1203 421 lacernas

233 454 271 485 et
301 448 475 497 Massyla
503 460 637 485 meum
666 447 772 498 virga
799 448 992 497 gubernet
1020 461 1179 498 equum.

181 515 252 551 Est
281 511 379 551 nihil
408 525 454 550 ex
483 511 591 551 istis:
631 526 793 563 superos
822 526 869 552 ac
898 513 1026 552 sidera
1055 521 1187 552 testor.
1477 530 1514 562 15

235 579 338 628 Ergo
369 577 498 628 quid?
553 579 608 616 Vt
636 579 796 625 donem,
828 580 978 626 Pastor,
1011 586 1049 617 et
1077 579 1297 618 aedificem.

665 662 814 699 XXIII

181 727 217 765 O
247 725 312 763 cui
340 725 514 776 virgineo
543 727 754 764 flavescere
784 725 947 776 contigit
975 740 1083 774 auro,

234 791 299 830 dic
328 791 397 830 ubi
426 791 647 830 Palladium
678 791 727 830 sit
756 791 838 839 tibi,
871 793 983 839 Care,
1014 793 1148 831 decus.

182 856 363 907 ‘Aspicis
393 870 442 895 en
472 856 626 895 domini
653 858 847 907 fulgentes
876 871 1071 896 marmore
1099 859 1261 896 vultus?

234 921 342 960 venit
370 923 421 961 ad
450 923 520 960 has
550 923 652 961 ultro
682 930 815 961 nostra
843 936 991 961 corona
1020 925 1179 961 comas.'

182 987 362 1025 Albanae
390 986 508 1026 livere
537 995 668 1037 potest
696 987 762 1039 pia
791 1001 959 1038 quercus
989 987 1127 1035 olivae,
1498 1005 1515 1036 5

236 1052 399 1091 cinxerit
427 1052 618 1091 invictum
648 1054 758 1103 quod
786 1053 893 1104 prior
921 1053 987 1092 illa
1015 1062 1144 1104 caput.

675 1137 818 1174 XXIV

184 1201 283 1249 Quis
313 1200 514 1239 Palatinos
543 1200 717 1239 imitatus
746 1200 916 1251 imagine
944 1203 1074 1240 vultus

236 1265 472 1304 Phidiacum
504 1266 618 1305 Latio
647 1280 843 1306 marmore
871 1266 965 1305 vicit
994 1267 1120 1305 ebur?

182 1333 280 1370 haec
311 1331 451 1370 mundi
478 1331 608 1379 facies,
640 1333 738 1371 haec
767 1339 859 1370 sunt
889 1332 994 1371 Iovis
1024 1346 1093 1371 ora
1121 1331 1272 1371 sereni:

237 1397 293 1435 sic
322 1405 434 1435 tonat
462 1396 526 1435 ille
555 1398 654 1435 deus
683 1411 774 1436 cum
805 1397 889 1436 sine
918 1397 1025 1436 nube
1055 1405 1176 1436 tonat.

185 1463 278 1501 Non
308 1463 433 1501 solam
463 1462 598 1501 tribuit
628 1464 756 1501 Pallas
785 1462 868 1510 tibi,
901 1463 1013 1510 Care,
1044 1476 1262 1510 coronam3
1498 1478 1515 1510 5

238 1527 407 1578 effigiem
437 1527 601 1576 domini,
633 1541 752 1578 quam
783 1527 891 1576 colis,
921 1527 988 1566 illa
1016 1527 1137 1566 dedit.

677 1611 817 1648 XXVI

185 1677 319 1714 Audet
348 1676 522 1714 facundo
552 1674 619 1726 qui
649 1675 822 1714 earmina
851 1675 1005 1713 mittere
1035 1676 1201 1722 Nervae,

238 1742 385 1792 pallida
413 1741 580 1781 donabit
606 1742 799 1792 glaucina‚
830 1742 989 1789 Cosme,
1020 1741 1102 1789 tibi,

186 1810 381 1846 Paestano
409 1807 532 1846 violas
561 1814 600 1846 et
628 1821 728 1846 cana
754 1807 914 1857 ligustra
942 1808 1098 1854 colono,

240 1872 434 1923 Hyblaeis
463 1872 604 1923 apibus
635 1872 796 1912 Corsica
825 1873 942 1911 mella
970 1872 1104 1911 dabit:

185 1939 255 1977 sed
285 1946 418 1976 tamen
449 1945 486 1976 et
515 1951 657 1989 parvae
685 1939 878 1976 nonnulla
906 1945 965 1976 est
992 1937 1114 1987 gratia
1143 1939 1285 1976 Musae
1301 1952 1310 1985 ;
1499 1953 1515 1985 5

239 2003 437 2054 appetitur
464 2003 596 2054 posito
624 2002 710 2041 vilis
739 2002 842 2041 oliva
870 2004 975 2053 lupo.

229 2108 333 2138 XXII
364 2118 399 2147 14
427 2108 470 2139 M.
499 2108 628 2148 meum]
658 2107 862 2147 massyleum
888 2107 944 2138 BA
970 2108 1048 2148 (pro
1073 2107 1211 2146 -laeum,
1240 2108 1291 2139 i.e.
1317 2106 1365 2138 -la
1389 2109 1516 2145 meum)

186 2163 283 2183 ecum
303 2152 350 2182 CA
486 2161 524 2190 15
552 2152 593 2182 Et
612 2151 660 2182 CA
747 2152 929 2191 sideraque
946 2156 979 2181 et
995 2162 1120 2192 supera
1136 2151 1192 2182 BA
1214 2151 1292 2192 (pro
1306 2160 1517 2191 superosque

187 2202 220 2227 et
237 2196 349 2226 sidera
363 2195 387 2235 2)
405 2207 412 2226 ι
435 2205 580 2234 superos
596 2196 638 2226 ad
654 2195 767 2226 sidera
785 2194 835 2226 CA
853 2197 935 2236 (pro
951 2206 977 2227 s.
995 2200 1028 2226 at
1045 2205 1072 2227 s.
1088 2206 1096 2234 3
1120 2200 1206 2235 tpro
1222 2196 1254 2234 c)

227 2239 347 2269 XXIII
372 2249 448 2269 cum
466 2239 569 2269 XXII
587 2239 678 2278 confl.
695 2238 752 2269 BA
840 2249 859 2278 5
884 2239 988 2269 libere
1005 2239 1092 2279 (-ae)
1112 2238 1202 2270 codd.
1221 2239 1286 2279 (i.e.
1302 2238 1373 2279 liv-3

229 2283 349 2313 XXIV
371 2293 446 2313 cum
461 2282 583 2313 XXIII
597 2282 690 2322 confl.
705 2282 754 2313 CA
826 2292 840 2313 1
860 2283 1009 2313 imitatur
1019 2282 1075 2313 BA
1090 2282 1148 2322 (ur
1157 2287 1219 2322 pro
1229 2282 1283 2317 us)

230 2326 346 2357 XXVI
373 2336 423 2356 vv.
445 2336 516 2365 1-—4‚
536 2336 553 2365 7
566 2337 620 2357 40
635 2327 709 2358 lmb.
735 2326 765 2357 T
845 2336 864 2356 2
888 2327 1012 2366 pallida
1026 2326 1109 2357 AA:
1132 2326 1234 2366 pallia
1248 2326 1302 2356 BA
1318 2336 1325 2356 :
1349 2325 1450 2365 pallio
1468 2325 1517 2356 CA

185 2371 326 2400 donauit
344 2369 395 2400 CA
413 2370 478 2410 (zze.
498 2370 576 2409 -bit)
733 2380 753 2409 3
779 2370 944 2400 Prestano
962 2369 1012 2400 CA
1177 2379 1196 2409 5
1220 2369 1404 2400 nonnullae
1421 2370 1449 2400 si
1467 2369 1517 2400 CA

185 2423 282 2444 musa
296 2413 390 2454 (EA)
406 2413 457 2444 vel
471 2424 586 2444 musae
605 2413 653 2445 CA
785 2414 806 2444 6
831 2414 916 2453 uigis
929 2413 979 2444 CA
990 2417 1064 2455 (pro
1079 2413 1176 2452 uiiis;
1194 2414 1279 2454 ipro
1291 2413 1301 2443 l
1315 2413 1340 2454 3)
