1648 2729
204 114 259 150 M.
292 113 416 150 VAL.
449 112 768 150 MARTIALIS

202 225 322 262 saltus
351 237 500 274 aprum,
533 238 697 275 campus
726 226 901 275 leporem
931 224 1003 263 tibi
1032 223 1138 263 misit
1166 224 1399 276 inemptum,
1518 242 1535 273 5

255 289 351 327 silva
379 289 504 340 gravis
534 291 670 328 turdos
700 289 893 339 exagitata
922 289 1043 329 dedit.

202 362 338 404 captus
368 354 558 393 flumineo
587 354 693 394 venit
723 356 773 393 de
801 355 952 405 gurgite
980 354 1109 405 piscis,

255 420 345 458 vina
374 421 491 458 ruber
519 420 620 459 fudit
649 434 732 458 non
760 420 964 471 peregrina
993 422 1126 466 cadus.

200 499 274 524 nec
304 493 414 523 tener
442 485 626 536 Argolica
656 485 797 524 missus
827 487 878 524 de
906 493 1023 536 gente
1052 485 1238 533 minister,

255 552 325 589 sed
356 550 462 589 stetit
490 550 628 589 inculti
658 550 802 589 rustica
830 551 945 590 turba
974 551 1062 589 foci.
1496 566 1536 588 ιο

200 616 315 654 vilica
343 618 404 654 vel
434 615 521 654 duri
551 629 763 665 conpressa
793 624 851 654 est
880 624 1004 666 nupta
1033 615 1175 662 coloni,

239 681 418 727 ¹incaluit
448 680 630 731 quotiens
661 680 794 719 saucia
822 694 924 719 vena
952 694 1072 719 mero.

202 760 275 785 nec
305 746 442 785 nocuit
471 746 583 785 tectis
613 745 713 795 ignis
742 759 817 784 nec
847 745 967 784 Sirius
996 745 1108 796 agris,

255 825 329 850 nec
360 825 487 850 mersa
516 819 575 850 est
603 813 744 861 pelago
775 824 849 849 nec
878 810 951 849 fuit
980 813 1059 849 ulla
1088 810 1190 849 ratis.

201 877 406 927 subposita
435 884 493 915 est
521 877 671 915 blando
699 890 919 926 numquam
949 875 1020 914 tibi
1049 884 1196 914 tessera
1223 876 1314 922 talo,
1498 891 1535 922 15

254 944 339 981 alea
369 944 439 981 sed
468 955 608 992 parcae
638 943 721 980 sola
750 943 857 980 fuere
887 955 1019 980 nuces.

201 1007 265 1047 dic
295 1007 363 1045 ubi
393 1007 441 1046 sit
470 1007 613 1054 decies,
645 1014 769 1045 mater
798 1008 907 1056 quod
936 1019 1051 1044 avara
1078 1005 1244 1056 reliquit.

256 1074 465 1122 Nusquam
495 1080 576 1111 est:
614 1072 741 1111 fecisti
769 1086 863 1119 rem,
896 1071 1005 1119 Line,
1037 1070 1247 1110 difficilem.

678 1178 835 1215 LXVII

201 1251 426 1287 Praetorem
456 1261 605 1298 pauper
632 1255 792 1286 centum
823 1246 999 1285 sestertia
1028 1247 1183 1285 Gaurus

255 1314 393 1353 orabat
422 1327 521 1352 cana
550 1321 668 1351 notus
698 1312 881 1360 amicitia,

200 1379 439 1429 dicebatque
468 1378 547 1417 suis
577 1379 675 1417 haec
704 1386 858 1416 tantum
889 1378 1003 1415 desse
1032 1375 1228 1423 trecentis,

254 1452 297 1482 ut
326 1452 459 1494 posset
489 1443 654 1482 domino
683 1444 871 1493 plaudere
901 1442 1025 1480 iustus
1056 1454 1188 1491 eques.

199 1517 356 1560 praetor
383 1509 436 1547 ait
468 1512 476 1528 ‘
493 1509 575 1547 Scis
606 1522 670 1547 me
699 1510 848 1557 Scorpo
877 1508 1102 1556 Thalloque
1131 1507 1328 1552 daturum,
1513 1523 1530 1553 5

253 1582 372 1624 atque
401 1573 552 1612 utinam
583 1581 743 1612 centum
773 1572 879 1610 milia
909 1573 992 1610 sola
1020 1571 1181 1609 darem)

188 1641 264 1683 ,Ah
295 1640 418 1689 pudet
446 1639 630 1689 ingratae,
663 1639 787 1688 pudet
815 1639 866 1675 ah
896 1638 999 1674 male
1028 1635 1159 1674 divitis
1188 1649 1311 1673 arcae.

254 1706 363 1754 quod
392 1718 473 1742 non
503 1703 560 1742 vis
590 1703 723 1753 equiti,
756 1702 813 1741 vis
843 1703 947 1749 dare,
980 1708 1145 1751 praetor,
1179 1701 1316 1750 equo?

667 1808 849 1844 LXVIII

201 1879 349 1918 Invitas
379 1885 540 1917 centum
570 1876 856 1927 quadrantibus
886 1883 924 1914 et
952 1876 1056 1914 bene
1086 1887 1214 1913 cenas.

254 1946 307 1982 Vt
337 1957 477 1982 cenem
506 1942 659 1990 invitor,
691 1944 818 1989 Sexte,
849 1955 900 1979 an
930 1948 972 1979 ut
1001 1940 1233 1978 invideam?

244 2048 354 2079 LXVI
381 2057 399 2086 5
425 2048 580 2086 ineptum
596 2047 711 2076 ΑΑΒΑ
730 2048 818 2087 (cum
834 2045 880 2085 E>
1012 2054 1029 2083 7
1055 2048 1176 2083 captus
1187 2042 1266 2074 AA:
1294 2047 1411 2082 raptus
1427 2042 1533 2073 BACA

199 2093 219 2123 8
244 2093 345 2122 ruber
362 2091 490 2122 AACA:
526 2091 651 2121 rubens
674 2090 729 2120 BA
832 2088 941 2119 fundit
964 2087 994 2118 T
1077 2088 1169 2118 cadis
1187 2086 1235 2116 CA
1375 2096 1397 2125 9
1421 2086 1532 2117 iussus

198 2137 280 2166 AA:
304 2136 428 2166 missus
442 2134 550 2165 BACA
684 2144 721 2164 12
746 2143 832 2163 uena
848 2131 980 2162 AACA:
1006 2131 1101 2161 turba
1115 2130 1172 2160 BA
1190 2129 1240 2170 (cs.
1262 2141 1292 2161 v.
1313 2130 1365 2171 10)
1493 2139 1531 2169 13

198 2181 308 2211 serius
325 2179 382 2208 BA
483 2187 522 2216 14
546 2177 619 2208 fluit
635 2177 690 2207 ΒΑ
706 2189 713 2207 z
737 2177 799 2207 suit
817 2176 865 2206 CA
962 2175 1028 2205 ulla
1043 2175 1098 2204 BA
1116 2186 1123 2205 ε
1146 2173 1202 2204 illa
1220 2173 1267 2204 CA
1403 2182 1441 2212 15
1465 2178 1531 2204 tes-

200 2234 275 2254 sara
292 2222 422 2261 L‚s0rl.
443 2226 518 2252 recte
580 2221 650 2251 talu
669 2221 717 2252 CA
808 2230 846 2258 17
871 2229 975 2249 auara
989 2219 1049 2248 AA
1069 2219 1165 2259 (auar
1186 2217 1233 2256 T)
1253 2216 1301 2247 CA
1318 2227 1325 2247 ε
1349 2226 1461 2247 amara
1478 2216 1530 2246 ΒΑ

246 2266 374 2297 LXVII
405 2277 417 2296 1
437 2265 566 2296 sitertia
582 2265 636 2294 BA
759 2273 863 2302 gaure
876 2262 922 2293 CA
1143 2272 1162 2291 2
1187 2270 1263 2290 cara
1278 2259 1356 2289 BA:
1379 2270 1464 2290 cana
1483 2260 1531 2291 CA

201 2322 218 2348 4
246 2311 355 2340 iussus
372 2310 425 2339 ΒΑ
441 2321 446 2339 ;
472 2310 581 2339 iustus
600 2308 648 2338 CA
780 2317 799 2346 5
816 2306 990 2344 thalioque
1001 2305 1056 2335 BA
1185 2314 1202 2342 7
1228 2313 1324 2334 arces
1339 2303 1384 2334 CA
1510 2304 1530 2332 8

201 2364 270 2384 non
290 2353 340 2383 uis
356 2354 432 2383 BA:
458 2363 525 2383 non
543 2353 602 2382 das
617 2350 664 2382 CA

246 2397 392 2427 LXVIII
417 2396 488 2426 lmb.
507 2396 541 2428 T.
591 2395 679 2426 Cum
693 2393 820 2424 LXVII
833 2393 925 2432 confl.
942 2392 997 2423 BA
1087 2401 1101 2421 1
1127 2390 1255 2421 inuitus
1275 2389 1305 2422 T
