1648 2729
190 123 244 159 M.
281 123 400 160 VAL.
435 123 750 162 MARTIALIS

721 236 776 273 LI

190 315 280 362 Hic,
314 315 382 365 qui
411 315 552 354 libellis
582 330 833 367 praegravem
863 317 960 367 gerit
989 319 1152 365 laevam,

188 380 429 419 notariorum
460 395 579 431 quem
609 381 751 432 premit
780 383 924 421 chorus
953 383 1058 430 levis,

189 445 256 496 qui
286 446 477 485 codicillis
506 446 599 484 hinc
629 454 667 485 et
695 447 789 486 inde
817 448 978 498 prolatis

190 511 446 562 epistolisque
475 513 706 551 commodat
734 526 891 563 gravem
921 515 1072 552 voltum

189 576 326 615 similis
358 577 502 617 Catoni
531 577 744 628 Tullioque
774 580 988 629 Brutoque,
1509 597 1527 628 5

190 643 416 693 exprimere,
450 644 566 690 Rufe,
598 643 782 682 fidiculae
811 643 902 682 licet
936 652 1090 694 cogant,

190 709 289 746 have
318 707 516 755 Latinum,
547 711 654 759 χαῖρε
682 722 763 747 non
793 716 924 759 potest
954 710 1162 748 Graecum.

189 773 219 811 si
251 774 397 823 fingere
426 773 531 812 istud
561 788 625 812 me
654 781 779 824 putas,
811 776 1037 813 salutemus.

712 896 792 933 LII

190 977 303 1025 Quae
334 976 430 1014 mihi
459 976 695 1026 praestiteris
726 975 888 1015 memini
918 990 1152 1027 semperque
1181 976 1339 1017 tenebo.

242 1056 311 1080 cur
339 1041 454 1092 igitur
483 1049 606 1089 taceo,
640 1044 858 1080 Postume?
913 1044 977 1080 Tu
1006 1041 1188 1092 loqueris.

188 1107 335 1157 incipio
365 1106 548 1157 quotiens
577 1107 695 1146 alicui
724 1115 791 1145 tua
821 1108 928 1146 dona
957 1108 1109 1154 referre,

242 1172 420 1222 protinus
449 1174 641 1211 exclamat
674 1172 858 1211 ‘Dixerat
887 1173 971 1222 ipse
1000 1172 1122 1210 mihi.²

190 1239 283 1276 Non
313 1239 416 1276 belle
446 1240 643 1288 quaedam
673 1238 822 1277 faciunt
852 1239 959 1278 duo:
999 1238 1141 1277 sufficit
1169 1252 1272 1277 unus
1509 1255 1527 1288 5

243 1303 335 1342 huic
365 1303 497 1354 operi:
537 1304 568 1342 si
597 1304 654 1342 vis
685 1312 727 1342 ut
757 1306 905 1354 loquar,
938 1303 1022 1354 ipse
1051 1312 1149 1342 tace.

190 1370 306 1407 crede
337 1368 444 1415 mihi,
477 1369 656 1419 quamvis
686 1369 870 1420 ingentia,
904 1371 1104 1418 Postume,
1137 1370 1243 1408 dona

242 1434 412 1472 auctoris
442 1442 607 1484 pereunt
635 1434 858 1485 garrulitate
887 1434 958 1473 sui.

704 1559 806 1595 LIII

190 1638 386 1678 Colchida
415 1638 511 1688 quid
541 1638 688 1686 scribis,
722 1639 818 1689 quid
848 1638 995 1686 scribis,
1027 1638 1165 1686 amice,
1198 1640 1434 1689 Thyesten?

244 1717 324 1754 quo
354 1703 425 1742 tibi
454 1705 515 1742 vel
546 1703 718 1751 Nioben,
752 1706 884 1751 Basse,
915 1704 977 1742 vel
1007 1704 1353 1742 Andromachen?

192 1767 352 1805 materia
381 1774 450 1814 est,
483 1766 579 1804 mihi
609 1767 735 1813 crede,
768 1766 844 1804 tuis
873 1765 1076 1816 aptissima
1105 1766 1249 1804 chartis

246 1831 467 1871 Deucalion
497 1833 569 1879 vel,
601 1831 632 1870 si
662 1845 742 1870 non
773 1834 901 1882 placet
930 1831 1005 1879 hic,
1036 1833 1255 1870 Phaethon.

704 1960 800 1997 LIV

193 2040 479 2091 Extemporalis
509 2042 634 2079 factus
665 2048 722 2079 est
752 2054 864 2079 meus
894 2042 1050 2079 rhetor:

193 2107 451 2157 Calpurnium
482 2119 562 2144 non
593 2105 756 2156 scripsit,
790 2114 827 2144 et
857 2105 1049 2149 salutavit.

237 2215 280 2246 LI
305 2216 377 2247 hab.
400 2215 429 2246 T
513 2216 534 2245 6
552 2221 759 2254 'expremere
776 2214 835 2244 ΛΑ
984 2225 1001 2254 7
1025 2219 1126 2254 potes
1145 2214 1194 2245 CA
1340 2215 1361 2246 8
1384 2215 1528 2247 salutem

198 2259 299 2333 TZIJI
325 2303 398 2333 hab.
424 2301 484 2333 TR
575 2312 592 2341 7
617 2302 726 2332 dones
744 2301 792 2332 CA

238 2346 314 2376 LIII
340 2346 415 2377 ltab.
438 2346 469 2377 T
621 2355 634 2376 1
661 2345 740 2385 quid
757 2345 877 2376 scribis
893 2346 983 2385 quod
997 2345 1118 2376 scribis
1136 2345 1185 2376 CA
1347 2355 1367 2376 2
1390 2346 1481 2386 quod
1503 2345 1534 2378 T

193 2401 211 2428 4
236 2390 287 2420 vel
306 2389 435 2421 AACA:
460 2394 517 2420 aut
533 2389 588 2419 BA
