1648 2729
192 162 248 199 M.
279 161 404 199 VAL.
435 161 752 199 MARTIALIS

297 283 423 334 qualis
453 283 627 322 marinae
654 283 718 322 vix
746 283 795 323 sit
823 298 917 323 aura
944 284 1130 335 piscinae.

296 362 370 388 nee
399 351 550 399 quadra
578 350 688 388 derat
717 349 820 388 casei
848 349 1058 398 Tolosatis,

297 414 505 464 quadrima
532 413 632 464 nigri
660 427 735 453 nee
764 428 911 454 corona
939 415 1046 465 pulei

297 481 510 529 calvaeque
539 487 660 518 restes
688 479 847 530 alioque
876 480 1077 530 cepisque,
1487 498 1530 519 20

299 559 373 583 nec
402 547 520 595 plena
549 544 653 595 turpi
682 545 815 583 matris
845 547 923 584 olla
951 546 1079 585 resina

297 609 660 649 Summemmianae
690 624 768 660 qua
795 610 966 660 pilantur
995 625 1145 650 uxores.

298 676 407 725 Quid
436 675 590 726 quaeris
619 677 738 714 aedes
767 675 985 726 vilicosque
1013 676 1181 724 derides,

296 741 473 779 habitare
501 740 629 791 gratis,
661 754 685 779 o
714 743 895 789 Vacerra,
927 755 1018 780 cum
1049 741 1204 791 possis?

297 808 395 845 haec
424 806 665 845 sarcinarum
694 820 843 857 pompa
871 807 1057 846 convenit
1085 806 1208 857 ponti.
1488 824 1526 856 25

657 912 839 949 XXXIV

296 981 474 1032 Triginta
503 981 600 1020 mihi
629 990 894 1032 quattuorque
923 996 1071 1022 messes

298 1056 442 1095 tecum,
473 1047 505 1087 si
535 1047 712 1096 memini,
741 1049 862 1096 fuere,
894 1048 980 1086 Iuli.

296 1127 462 1163 quarum
493 1113 625 1152 dulcia
653 1114 775 1152 mixta
803 1120 894 1151 sunt
922 1113 1065 1152 amaris

300 1180 370 1217 sed
399 1178 574 1217 iucunda
602 1185 736 1217 tamen
765 1179 874 1217 fuere
902 1180 1014 1229 plura
1028 1193 1039 1227 3

296 1251 334 1282 et
364 1243 396 1282 si
425 1245 599 1283 calculus
629 1243 759 1282 omnis
788 1245 867 1282 huc
897 1251 935 1282 et
964 1243 1057 1283 illue
1508 1262 1525 1294 ,ς

295 1309 472 1348 diversus
500 1309 733 1360 bicolorque
761 1309 968 1360 digeratur,

294 1375 425 1414 vincet
454 1375 626 1414 candida
654 1375 768 1414 turba
796 1374 1018 1425 nigriorem.

295 1441 335 1479 Si
363 1441 484 1479 vitare
512 1440 608 1479 velis
637 1441 779 1479 acerba
809 1442 1005 1491 quaedam

294 1514 332 1544 et
361 1505 478 1544 tristis
507 1505 630 1544 animi
658 1519 795 1545 cavere
824 1520 992 1555 morsus,

294 1572 391 1610 nulli
420 1579 458 1610 te
486 1571 606 1610 facias
635 1571 752 1610 nimis
782 1573 983 1611 sodalem:
1487 1587 1526 1611 10

293 1636 484 1688 gaudebis
514 1636 644 1675 minus
674 1644 712 1675 et
742 1636 872 1675 minus
902 1636 1067 1676 dolebis.

657 1743 836 1780 XXXVI

297 1818 435 1857 Libras
464 1825 650 1868 quattuor
678 1826 745 1857 aut
775 1820 873 1857 duas
902 1818 1032 1857 amico

291 1886 570 1934 algentemque
598 1891 730 1935 togam
760 1885 1001 1934 brevemque
1029 1886 1196 1932 laenam,

293 1949 492 1988 interdum
521 1951 702 1988 aureolos
732 1964 852 1989 manu
882 1950 1088 2000 crepantis,

292 2014 445 2065 possint
473 2016 618 2054 ducere
647 2015 715 2065 qui
743 2017 842 2054 duas
874 2017 1090 2062 Kalendas,

294 2081 403 2130 quod
432 2093 553 2119 nemo
582 2080 658 2119 nisi
687 2088 743 2129 tu,
773 2081 950 2128 Labulle,
982 2081 1119 2128 donas,
1502 2097 1520 2128 5

238 2178 275 2207 17
300 2168 408 2207 qualis
432 2192 439 2199 .
464 2193 471 2200 .
499 2191 507 2199 .
535 2167 632 2200 uissit
661 2168 791 2209 (iussit)
814 2167 889 2199 BA:
926 2169 1059 2208 qualem
1085 2192 1093 2200 .
1121 2191 1128 2198 .
1156 2191 1164 2200 .
1190 2168 1288 2200 uissit
1319 2167 1448 2208 (iussit)
1475 2168 1525 2200 CA

193 2212 290 2242 uissit
316 2217 377 2252 pro
403 2211 460 2242 uix
487 2212 544 2252 sit>
720 2222 763 2242 20
786 2212 948 2252 saleoque
974 2212 1030 2242 BA
1061 2212 1179 2253 (praec.
1204 2213 1238 2250 s)
1263 2213 1446 2252 caepisque
1474 2212 1523 2242 CA

187 2259 224 2285 ut
239 2255 302 2287 vid.
430 2265 471 2285 22
497 2256 807 2286 Summummianae
832 2256 880 2287 CA
1187 2255 1341 2287 XXXIV
1364 2266 1414 2287 vv.
1434 2256 1517 2286 8--11

187 2299 263 2329 hab.
287 2298 317 2329 T
449 2309 462 2329 1
490 2309 619 2330 messes
636 2299 691 2329 BA
709 2301 859 2338 (menses
877 2299 946 2340 L):
969 2309 1107 2330 menses
1133 2299 1182 2330 CA
1339 2310 1359 2339 3
1382 2309 1521 2339 quarum

188 2343 266 2373 BA:
291 2353 432 2382 quorum
460 2343 510 2374 CA
620 2344 640 2373 8
664 2343 790 2384 uitare]
810 2343 949 2374 uisitare
969 2343 999 2373 T
1082 2343 1176 2374 uoles
1199 2343 1282 2374 AA:
1307 2343 1392 2374 uelis
1414 2342 1523 2373 ΒΑΕᾺ

188 2397 210 2425 9
232 2390 273 2416 tr.
290 2387 363 2427 an.]
382 2387 489 2417 tristia
512 2387 542 2418 T
850 2386 1002 2417 XXXVI
1021 2397 1086 2418 om.
1105 2387 1155 2418 CA
1242 2398 1262 2426 4
1287 2387 1416 2418 kandas
1442 2387 1521 2429 (pro

189 2429 351 2460 kalandas
363 2430 389 2471 2)
408 2429 436 2459 L
