1648 2729
224 169 281 205 M.
314 168 435 205 VAL.
469 169 785 206 MARTIALIS

645 282 748 318 XIV
778 280 920 331 (XIII)

223 351 326 390 Cum
358 351 710 392 †cathedratalios†
739 359 868 402 portet
898 351 970 390 tibi
1000 352 1118 390 raeda
1147 351 1345 390 miniStros

277 424 314 454 et
346 417 465 466 Libys
495 417 535 454 in
565 418 684 467 longo
714 419 874 467 pulvere
904 418 1020 455 sudet
1049 431 1181 467 eques,

221 489 420 532 strataque
450 496 530 520 non
561 496 659 520 unas
689 481 848 532 cingant
877 482 1044 520 triclinia
1074 482 1189 521 Baias

276 556 314 585 et
344 547 482 586 Thetis
513 555 717 597 unguento
746 549 890 597 palleat
920 555 1040 586 uncta
1069 555 1148 595 tuo,

222 612 394 651 candida
424 612 547 651 Setini
577 620 762 663 rumpant
792 614 972 662 crystalla
1001 612 1172 659 trientes,
1543 627 1560 658 5

276 678 445 716 dormiat
474 677 515 715 in
545 679 680 728 pluma
709 691 782 716 nec
812 678 974 716 meliore
1003 680 1164 716 Venus:

222 745 273 782 ad
304 751 501 782 nocturna
530 743 634 782 iaces
664 745 835 782 fastosae
864 743 1002 782 limina
1031 745 1224 782 moechae

277 817 314 847 et
345 810 478 848 madet
508 810 613 847 heu!
654 809 824 848 lacrimis
854 809 972 848 ianua
1001 811 1120 848 surda
1148 809 1236 856 tuis,

222 888 332 913 urere
364 888 437 912 nec
469 874 655 912 miserum
686 882 842 913 cessant
872 874 1037 924 suspiria
1066 882 1217 924 pectus.

275 939 346 977 Vis
376 940 507 978 dicam
538 941 640 978 male
670 939 719 977 sit
748 953 816 977 cur
846 939 928 986 tibi,
962 940 1109 979 Cotta?
1141 939 1244 977 bene
1274 946 1345 977 est.
1526 955 1563 977 10

660 1039 759 1075 XVI
792 1037 902 1088 (XV)

225 1112 394 1147 Dotatae
424 1108 534 1146 uxori
564 1121 632 1146 cor
660 1107 883 1146 harundine
914 1107 995 1146 fixit
1024 1115 1149 1155 acuta,

276 1176 347 1213 sed
378 1175 474 1212 dum
505 1173 606 1212 ludit
635 1175 766 1223 Aper:
806 1174 943 1212 ludere
977 1173 1086 1211 novit
1118 1175 1235 1224 Aper.

611 1271 734 1307 XVII
767 1269 900 1321 (XVI)

220 1342 259 1380 Si
290 1343 438 1380 donare
468 1354 586 1378 vocas
617 1340 846 1389 promittere
876 1353 951 1378 nec
981 1341 1083 1386 dare,
1118 1339 1206 1388 Gai,

273 1407 430 1445 vincam
461 1414 499 1444 te
530 1405 646 1444 donis
677 1405 988 1455 muneribusque
1019 1405 1127 1444 meis.

220 1472 358 1523 accipe
388 1470 572 1511 Callaicis
603 1470 800 1521 quidquid
830 1470 931 1509 fodit
960 1472 1081 1509 Astur
1109 1470 1150 1508 in
1178 1470 1290 1517 arvis,

273 1551 391 1576 aurea
420 1535 618 1586 quidquid
648 1536 769 1574 habet
798 1535 929 1574 divitis
959 1537 1069 1574 unda
1097 1535 1206 1585 Tagi,

219 1603 415 1654 quidquid
447 1603 663 1651 Erythraea
692 1601 802 1651 niger
831 1601 980 1640 invenit
1012 1603 1137 1640 Indus
1167 1601 1207 1639 in
1237 1603 1335 1652 alga,
1544 1618 1561 1649 5

274 1667 469 1718 quidquid
500 1675 538 1706 et
567 1667 607 1705 in
638 1666 741 1705 nidis
772 1667 889 1705 unica
919 1675 1045 1705 servat
1074 1667 1167 1714 avis,

219 1734 415 1785 quidquid
446 1736 656 1783 Agenoreo
686 1735 812 1782 Tyros
842 1733 1010 1783 inproba
1038 1732 1144 1783 cogit
1171 1734 1325 1771 aheno:

273 1799 470 1850 quidquid
499 1799 650 1837 habent
680 1811 831 1845 omnes,
863 1798 1010 1848 accipe,
1043 1799 1249 1849 quomodo
1284 1799 1365 1836 das.

622 1896 769 1932 XVIII
800 1894 959 1945 (XVII)

218 1966 477 2006 Saturnalicio
509 1967 690 2003 Macrum
720 1966 899 2004 fraudare
927 1965 1074 2004 tributo

271 2034 421 2079 frustra,
456 2033 585 2078 Musa,
617 2030 751 2080 cupis:
791 2044 872 2069 non
901 2031 1015 2070 licet:
1059 2031 1143 2081 ipse
1172 2030 1294 2081 petit3

263 2135 346 2166 XIV
369 2146 419 2166 vv.
442 2145 513 2173 1-2‚
535 2144 621 2173 7-10
642 2133 716 2164 lzab.
749 2133 779 2164 T
888 2144 901 2164 1
930 2134 1186 2165 cotathedratos
1215 2133 1263 2164 T:
1296 2133 1562 2164 cathedratalios

218 2179 271 2209 BA
290 2190 297 2209 ε
321 2179 502 2209 cathedras
519 2178 604 2208 alius
619 2176 665 2208 CA
683 2188 690 2207 ε
715 2177 973 2208 cathedralicios
986 2177 1072 2217 Ital„
1095 2177 1265 2207 Turnebus
1354 2182 1465 2217 portat
1486 2177 1562 2208 TCA

219 2224 346 2262 praeda
372 2222 422 2252 CA
531 2231 550 2251 2
575 2221 673 2251 sedet
695 2220 725 2250 T
824 2231 844 2260 3
868 2221 957 2252 linas
973 2222 1092 2261 pingat
1108 2220 1166 2251 BA
1183 2222 1258 2262 (pro
1274 2230 1359 2252 unas
1376 2221 1535 2261 pingant)
1555 2233 1562 2251 :

222 2277 289 2296 una
307 2267 416 2305 tingat
436 2265 484 2295 CA
500 2276 505 2294 :
531 2275 609 2295 corr.
626 2264 702 2295 Ital.
882 2275 901 2303 4
927 2270 1001 2295 toro
1021 2265 1067 2295 CA
1242 2274 1259 2303 7
1284 2264 1392 2305 iaces]
1411 2264 1510 2295 uenis
1526 2264 1564 2294 N

221 2311 330 2340 fastus
348 2320 385 2340 ac
402 2309 424 2340 l.
441 2309 488 2339 CA
548 2309 672 2338 lumina
691 2308 721 2338 T
770 2309 905 2339 moethe
925 2309 973 2339 CA
992 2310 1040 2349 (et
1050 2313 1113 2348 pro
1127 2309 1180 2346 ec)
1258 2318 1298 2338 10
1321 2312 1412 2339 cotta
1423 2307 1560 2340 AABA:

220 2359 317 2383 tucca
337 2354 383 2383 CA
400 2352 512 2393 [sedin
530 2352 641 2383 lemm.
658 2361 706 2382 AD
723 2352 872 2385 ςοττΑΜ)
1068 2351 1149 2382 XVI
1174 2351 1250 2382 hab.
1272 2351 1303 2382 T
1390 2361 1404 2382 1
1431 2361 1492 2382 cur
1505 2351 1560 2382 BA

221 2408 240 2427 2
265 2406 340 2427 cum
358 2396 391 2426 P
673 2395 771 2425 XVII
798 2395 870 2425 lzab.
896 2395 926 2425 T
1031 2406 1051 2434 3
1075 2394 1227 2434 gallaciis
1249 2405 1327 2426 corr.
1349 2395 1505 2434 gallaicis
1526 2399 1564 2426 ut

219 2440 282 2470 vid.
302 2440 350 2469 CA
370 2439 490 2479 {gallas
505 2438 612 2477 EXV,
630 2439 844 2478 gallaciisA)
979 2448 998 2478 5
1023 2440 1114 2470 intus
1133 2438 1180 2469 CA
1199 2440 1280 2479 (non
1296 2437 1349 2478 A)
1480 2440 1502 2470 6
1526 2444 1560 2470 et

221 2494 287 2514 om.
309 2483 356 2514 CA
446 2483 563 2513 nitidis
577 2492 654 2513 corr.
677 2482 767 2513 nidis
785 2485 821 2512 ut
835 2481 897 2513 vid.
915 2482 962 2513 CA
1097 2493 1114 2522 7
1139 2481 1268 2522 aheno]
1288 2492 1398 2521 aegna
1415 2481 1465 2512 CA
