1648 2729
193 112 247 147 M.
282 111 317 146 V
320 111 402 147 AL.
437 111 481 147 M
487 110 752 149 ARTIALIS

671 225 829 262 LXVII

193 294 396 332 Hibernos
426 301 605 344 peterent
634 294 750 333 solito
781 308 871 333 cum
902 308 1011 333 more
1041 308 1217 334 recessus

245 358 440 406 Atthides,
474 359 513 397 in
544 359 646 398 nidis
676 374 755 398 una
783 360 971 399 remansit
999 360 1091 399 avis.

191 426 435 474 deprendere
465 426 574 463 nefas
604 427 654 464 ad
685 433 864 476 tempora
892 439 1011 464 verna
1040 439 1216 465 reversae

245 498 283 528 et
312 491 517 540 profugam
546 492 723 529 volucres
753 491 948 541 diripuere
977 504 1082 529 suae.

133 577 136 580 <
191 568 276 593 sero
306 554 418 593 dedit
445 569 621 605 poenas:
660 555 829 606 discerpi
858 556 975 594 noxia
1004 564 1128 594 mater

245 620 444 667 debuerat,
478 622 547 659 sed
577 628 672 659 tunc
702 634 793 659 cum
822 621 1006 660 laceravit
1036 623 1137 671 Ityn.

660 704 843 741 LXVIII

192 774 338 811 Arctoa
366 774 416 811 de
445 780 562 823 gente
591 787 748 812 comam
778 773 860 820 tibi,
894 772 1047 819 Lesbia,
1080 772 1178 820 misi,

246 846 287 876 ut
316 837 434 876 scires
464 846 614 888 quanto
643 838 692 877 sit
721 846 788 876 tua
817 840 917 876 flava
946 837 1078 888 magis.

677 923 814 960 LXIX

192 992 342 1030 Antoni
373 992 516 1030 Phario
546 992 643 1030 nihil
673 992 875 1031 obiecture
905 991 1078 1030 Pothino

245 1065 283 1096 et
313 1057 435 1095 levius
465 1058 599 1096 tabula
627 1071 746 1108 quam
778 1058 972 1098 Cicerone
1000 1071 1176 1096 nocens:

192 1122 288 1172 quid
317 1122 491 1172 gladium
522 1124 686 1161 demens
718 1125 902 1161 Romana
931 1122 1085 1173 stringis
1115 1122 1155 1160 in
1185 1124 1281 1161 ora?

246 1189 322 1225 hoc
351 1187 575 1226 admisisset
604 1201 678 1226 nec
710 1187 881 1227 Catilina
909 1190 1029 1226 nefas.

193 1253 335 1303 impius
366 1252 530 1291 infando
560 1253 672 1292 miles
702 1253 964 1303 corrumpitur
992 1267 1099 1300 auro,

246 1326 283 1356 et
312 1318 430 1356 tantis
460 1318 603 1368 opibus
632 1332 708 1357 vox
736 1326 840 1357 tacet
869 1332 947 1357 una
976 1318 1058 1357 tibi.

192 1383 288 1432 quid
318 1391 482 1433 prosunt
512 1397 644 1422 sacrae
673 1383 845 1434 pretiosa
873 1383 1028 1422 silentia
1056 1383 1241 1434 linguae?

246 1448 435 1498 incipient
465 1462 603 1487 omnes
633 1462 704 1499 pro
734 1449 928 1488 Cicerone
956 1448 1076 1499 loqui.

696 1538 809 1574 LXX

302 1608 483 1645 Infusum
514 1607 588 1646 sibi
618 1621 743 1658 nuper
770 1621 793 1645 a
822 1614 989 1657 patrono

300 1674 474 1722 plenum,
508 1672 694 1720 Maxime,
725 1673 903 1711 centiens
933 1672 1108 1723 Syriscus

300 1737 339 1775 in
370 1737 571 1776 sellariolis
601 1752 720 1788 vagus
750 1738 907 1788 popinis

300 1802 402 1840 circa
432 1803 573 1841 balnea
602 1810 787 1853 quattuor
814 1802 974 1853 peregit.

301 1868 336 1906 O
367 1875 515 1917 quanta
544 1875 602 1906 est
630 1870 730 1918 gula,
763 1868 939 1906 centiens
969 1870 1174 1906 comesse!

300 1940 450 1982 quanto
480 1933 604 1971 maior
630 1934 773 1981 adhuc,
806 1947 879 1972 nec
907 1934 1123 1972 accubare!

679 2023 815 2059 LXXI

194 2092 340 2130 Vmida
370 2105 447 2141 qua
475 2091 624 2142 gelidas
655 2092 864 2131 summittit
892 2093 1067 2131 Trebula
1095 2094 1214 2131 valles

247 2166 284 2196 et
314 2156 447 2195 viridis
478 2157 608 2195 cancri
639 2157 841 2196 mensibus
870 2159 973 2208 alget
1002 2171 1101 2208 ager,

236 2261 365 2291 LXVII
389 2261 463 2293 hab.
488 2261 518 2291 T
624 2271 643 2291 2
668 2261 808 2291 atthidis
823 2260 878 2290 BA
997 2272 1016 2299 4
1041 2261 1222 2300 deripuere
1239 2259 1351 2291 AACA

192 2304 307 2335 AAN:
332 2316 412 2336 suae
428 2305 535 2335 BACA
665 2307 686 2335 6
709 2305 880 2335 lacerauat
896 2304 924 2334 L
943 2308 1018 2335 ante
1031 2314 1109 2336 corr.

1434 2270 1526 2292 suam

237 2348 382 2379 LXVIII
407 2349 481 2379 hal).
505 2348 534 2378 T
748 2348 863 2378 LXIX
888 2358 908 2378 2
932 2358 1034 2380 noces
1053 2347 1102 2378 CA
1248 2359 1267 2387 4
1284 2347 1448 2379 mississet
1465 2347 1496 2378 E

240 2392 351 2421 LXXI
382 2402 395 2422 1
422 2403 508 2431 quae
525 2392 578 2421 BA
