1648 2729
159 117 216 152 M.
255 116 380 153 VAL.
413 116 730 154 MARTIALIS

167 241 190 264 a
220 226 361 265 nostris
391 228 528 277 procul
558 234 616 266 est
646 226 777 265 omnis
806 226 936 266 vesica
964 227 1106 266 libellis

225 294 344 331 Musa
372 306 446 331 nec
476 292 616 331 insano
646 299 815 342 syrmate
843 300 976 331 nostra
1005 299 1142 331 tumet.

173 359 268 396 ‘Illa
297 366 430 397 tamen
459 359 623 397 laudant
652 371 803 405 omnes,
836 357 1036 405 mirantur,
1068 359 1259 397 adorant.'

225 424 454 463 Confiteor:
493 425 655 462 laudant
684 423 749 461 illa
778 424 848 462 sed
877 423 951 461 ista
979 425 1124 473 legunt.

702 501 758 538 LI

173 566 275 603 Cum
307 564 378 603 tibi
408 578 489 603 non
519 572 650 603 essent
679 578 746 604 sex
776 564 892 612 milia,
926 564 1163 613 Caeciliane,

226 630 375 680 ingenti
404 632 481 669 late
510 638 646 683 vectus
676 644 716 669 es
746 631 1000 680 hexaphoro:

173 704 383 746 postquam
415 695 474 734 bis
505 695 637 734 decies
667 695 802 734 tribuit
831 697 906 734 dea
935 709 1053 734 caeca
1082 695 1293 745 sinumque

227 769 415 811 ruperunt
445 760 609 807 nummi,
641 762 766 799 factus
797 774 848 807 es,
882 774 984 807 ecce,
1017 762 1151 811 pedes.

175 825 284 875 Quid
314 826 384 865 tibi
414 840 484 876 pro
514 826 661 865 meritis
691 834 729 865 et
759 825 876 864 tantis
906 825 1090 865 laudibus
1120 827 1284 876 optem?

228 891 268 930 di
298 893 466 930 reddant
496 893 642 938 sellam,
676 891 912 939 Caeciliane,
944 891 1026 930 tibi.

678 970 781 1006 LIII

178 1035 310 1080 Hunc,
342 1047 460 1083 quem
491 1047 608 1084 saepe
637 1033 747 1072 vides
777 1033 878 1072 intra
906 1033 1122 1084 penetralia
1151 1040 1309 1072 nostrae

229 1100 412 1137 Pallados
443 1106 481 1137 et
510 1099 649 1150 templi
678 1099 825 1146 limina,
858 1100 1016 1146 Cosme,
1048 1098 1140 1137 novi

174 1178 264 1202 eum
295 1164 438 1202 baculo
467 1178 640 1214 peraque
670 1178 817 1211 senem,
850 1164 913 1202 cui
943 1178 1042 1202 cana
1071 1163 1276 1214 putrisque

228 1236 303 1267 stat
331 1242 447 1267 coma
476 1236 514 1267 et
543 1229 583 1267 in
613 1237 750 1280 pectus
780 1231 940 1268 sordida
969 1230 1092 1268 barba
1120 1229 1237 1277 cadit,

175 1308 286 1333 cerea
315 1308 435 1344 quem
465 1295 563 1333 nudi
593 1295 687 1345 tegit
717 1309 815 1333 uxor
842 1296 974 1334 abolla
1002 1295 1167 1346 grabati,

228 1359 290 1397 cui
321 1361 388 1398 dat
417 1361 576 1398 latratos
606 1360 723 1398 obvia
752 1361 868 1399 turba
896 1360 1019 1408 cibos,

175 1437 259 1462 esse
289 1432 403 1474 putas
434 1424 629 1474 Cynicum
660 1426 851 1475 deceptus
881 1425 1051 1476 imagine
1081 1427 1195 1464 ficta:

228 1503 309 1527 non
339 1498 396 1528 est
425 1490 490 1528 hic
521 1490 703 1540 Cynicus,
737 1492 908 1530 Cosme:
947 1491 1043 1541 quid
1073 1493 1194 1541 ergo?
1242 1490 1373 1531 Canis.

688 1569 784 1605 LIV

176 1632 211 1669 O
242 1630 305 1669 cui
334 1631 521 1682 Tarpeias
551 1631 660 1670 licuit
689 1632 917 1683 contingere
947 1646 1114 1683 quereus

229 1704 267 1734 et
297 1696 454 1734 meritas
483 1697 610 1746 prima
638 1697 793 1747 cingere
822 1699 963 1736 fronde
992 1711 1138 1744 comas,

176 1761 206 1799 si
236 1761 351 1812 sapis,
383 1762 501 1800 utaris
532 1762 638 1810 totis,
667 1763 833 1810 CoHine,
865 1763 1006 1801 diebus

231 1834 531 1877 extremumque
561 1827 632 1865 tibi
661 1841 817 1879 semper
845 1830 985 1867 adesse
1014 1836 1140 1879 putes.

177 1891 351 1930 lanificas
380 1893 476 1930 nulli
507 1900 583 1931 tres
613 1907 771 1932 exorare
800 1896 950 1944 puellas

230 1957 419 2008 contigit:
454 1958 664 1997 observant
693 1972 812 2009 quem
842 1967 1011 1997 statuere
1040 1958 1158 1997 diem.

177 2022 333 2061 divitior
363 2023 515 2073 Crispo,
547 2025 723 2062 Thrasea
751 2024 995 2062 constantior
1024 2023 1110 2074 ipso

231 2087 372 2125 lautior
401 2095 439 2125 et
469 2087 596 2126 nitido
626 2088 678 2126 sis
709 2089 877 2128 Meliore
906 2089 1024 2127 licet:

223 2185 340 2215 XLIX
364 2196 385 2224 9
408 2186 547 2216 laudent
569 2186 599 2216 T

226 2230 267 2259 LI
293 2229 367 2259 hab.
388 2229 418 2259 T
487 2240 498 2259 1
519 2235 611 2260 esset
630 2232 714 2270 (eet)
732 2230 779 2261 CA
901 2241 921 2271 3
945 2231 1060 2262 tribuit
1074 2231 1189 2262 decies
1203 2230 1252 2261 CA

1470 439 1509 461 10

225 2273 304 2303 LIII
330 2273 403 2304 lmb.
431 2272 460 2303 T
610 2284 623 2304 1
642 2279 759 2305 nostra
781 2274 825 2306 T:
852 2281 987 2306 uestrae
1005 2275 1054 2305 CA
1201 2284 1220 2313 3
1245 2284 1354 2304 canna
1373 2273 1420 2304 CA
1439 2273 1470 2311 (ι’.
1484 2283 1510 2304 e.

180 2319 300 2355 cana2)
391 2318 412 2347 6
435 2318 496 2347 das
512 2317 531 2347 l.
554 2317 632 2348 ΑΑτ
658 2319 715 2348 dat
731 2319 751 2350 1.
771 2319 849 2349 BA:
872 2320 971 2349 datus
988 2319 1086 2349 latrat
1106 2318 1153 2349 CA
1234 2327 1250 2356 7
1277 2318 1354 2348 ficta
1370 2317 1486 2347 ΑΑΒΑ
1504 2328 1512 2347 z

182 2361 264 2390 salsa
284 2360 330 2389 (Α
509 2361 585 2390 LIV
610 2372 628 2391 2
652 2362 785 2400 tingere
802 2372 842 2392 ex
865 2364 1064 2402 contingere
1083 2361 1266 2403 (effingere)
1283 2361 1338 2392 ΒΑ
1356 2361 1406 2402 (cf.
1425 2371 1454 2391 v.
1479 2361 1510 2398 1)

182 2405 294 2433 fronte
311 2404 365 2434 ΒΑ
462 2413 480 2442 5
506 2404 606 2434 nullis
622 2405 698 2436 BA:
723 2406 805 2436 nulli
825 2406 874 2437 CA
970 2408 991 2436 6
1016 2407 1174 2437 obseruat
1191 2405 1240 2436 CA
