1648 2729
177 116 233 152 M.
266 114 389 151 VAL.
421 112 736 150 MARTIALIS

617 225 844 263 XXXVIII

176 296 332 348 Aspicis
363 304 405 335 ut
434 309 574 347 parvus
605 309 678 334 nec
707 296 839 333 adhuc
869 293 1066 332 trieteride
1095 293 1212 342 plena

232 364 407 412 Regulus
436 361 615 400 auditum
646 361 780 399 laudet
809 367 847 398 et
876 359 960 409 ipse
988 360 1168 408 patrem?

177 435 455 477 maternosque
485 426 592 465 sinus
622 426 705 464 viso
734 425 910 476 genitore
938 423 1133 473 relinquat

231 501 269 531 et
299 492 441 543 patrias
471 493 608 530 laudes
638 490 780 529 sentiat
809 503 894 529 esse
923 491 1044 527 suas?

176 558 253 596 iam
284 559 432 596 clamor
461 564 702 606 centumque
731 555 800 593 viri
830 557 1080 604 densumque
1109 566 1255 592 corona
1493 569 1509 600 5

232 624 368 673 volgus
397 630 436 661 et
465 621 604 660 infanti
636 621 737 659 Iulia
765 628 869 659 tecta
899 621 1066 670 placent.

175 688 274 727 acris
305 687 396 738 equi
425 687 583 725 suboles
614 699 758 736 magno
787 685 843 724 sic
871 687 1031 734 pulvere
1059 684 1215 734 gaudet,

231 753 287 792 sic
316 753 460 791 vitulus
490 752 598 790 molli
628 751 775 802 proelia
803 752 931 789 fronte
959 749 1079 800 cupit.

182 818 243 865 Di,
276 825 437 864 servate,
469 830 616 867 precor,
649 816 762 855 matri
792 830 861 854 sua
890 823 981 854 vota
1010 814 1200 865 patrique,

233 883 368 922 audiat
398 891 440 921 ut
468 890 605 921 natum
637 883 824 933 Regulus,
857 881 922 920 illa
951 882 1063 920 duos.
1476 895 1516 917 10

691 978 787 1014 XLI

181 1048 261 1098 Qui
291 1048 429 1086 recitat
458 1049 548 1086 lana
577 1048 709 1086 fauces
740 1054 778 1085 et
807 1048 909 1085 colla
937 1045 1145 1092 revinctus,

236 1114 299 1152 hic
330 1127 371 1152 se
400 1126 516 1163 posse
545 1112 666 1163 loqui,
697 1126 813 1162 posse
842 1120 971 1150 tacere
999 1118 1126 1161 negat.

682 1201 803 1238 XLII

295 1271 450 1311 Etrusci
480 1271 553 1310 nisi
583 1271 787 1309 thermulis
817 1269 966 1317 lavaris,

292 1338 439 1376 inlotus
469 1336 655 1383 morieris,
688 1335 882 1386 Oppiane.

294 1404 423 1440 nullae
453 1401 508 1440 sic
537 1400 607 1440 tibi
637 1400 888 1439 blandientur
916 1401 1058 1447 undae,

293 1481 373 1505 non
402 1468 531 1505 fontes
560 1466 694 1516 Aponi
722 1467 839 1504 rudes
867 1465 1019 1515 puellis,

294 1546 375 1571 non
406 1532 533 1570 mollis
564 1532 749 1570 Sinuessa
778 1531 994 1581 fervidique
1501 1546 1519 1578 5

295 1599 437 1636 fluctus
467 1596 637 1635 Passeris
665 1605 733 1635 aut
762 1597 954 1646 superbus
983 1597 1131 1642 Anxur,

297 1676 377 1701 non
408 1662 561 1700 Phoebi
589 1663 691 1700 vada
719 1661 995 1711 principesque
1026 1660 1155 1698 Baiae.

297 1741 492 1777 nusquam
523 1735 602 1765 tam
632 1727 801 1765 nitidum
831 1734 943 1764 vacat
972 1739 1179 1764 serenum:

299 1795 364 1831 lux
394 1793 477 1842 ipsa
507 1800 564 1830 est
593 1792 648 1830 ibi
677 1791 841 1842 longior,
873 1791 1038 1842 diesque

298 1860 407 1896 nullo
436 1857 583 1896 tardius
612 1871 635 1895 a
664 1859 752 1896 loco
782 1857 940 1896 recedit.
1486 1871 1525 1894 10

298 1923 376 1961 illic
406 1922 570 1973 Taygeti
598 1922 723 1961 virent
752 1924 909 1960 metalla

301 1996 339 2027 et
369 1996 519 2027 certant
548 1987 654 2026 vario
683 1989 826 2026 decore
855 2001 956 2034 saxa,

303 2067 404 2103 quae
435 2055 562 2103 Phryx
592 2062 629 2092 et
660 2053 781 2102 Libys
810 2053 925 2091 altius
955 2052 1110 2091 cecidit.

301 2118 426 2157 siccos
456 2117 611 2168 pinguis
641 2131 742 2168 onyx
771 2119 929 2156 anhelat
956 2125 1087 2156 aestus

236 2221 424 2253 XXXVIII
441 2232 461 2260 3
478 2222 671 2261 relinquant
681 2222 733 2252 ΒΑ
781 2232 800 2261 5
820 2232 979 2252 coronam
990 2221 1045 2252 ΒΑ
1057 2221 1150 2262 (cum
1161 2220 1209 2260 X)
1256 2231 1274 2260 7
1291 2220 1428 2252 soboles
1439 2220 1527 2252 codd.

236 2266 314 2296 XLI
341 2276 359 2295 2
385 2266 497 2296 facere
514 2265 568 2295 BA

236 2309 333 2340 XLII
358 2321 377 2347 4
403 2320 470 2340 non
487 2309 563 2339 BA:
590 2320 652 2340 nec
671 2308 721 2339 CA
844 2311 864 2339 6
888 2307 1014 2339 asseris
1029 2307 1086 2338 ΒΑ
1217 2318 1234 2348 7
1256 2306 1465 2348 principique
1480 2307 1529 2338 CA

192 2355 212 2383 8
237 2353 335 2383 micat
352 2354 405 2383 ΒΑ
420 2364 426 2382 2
449 2357 548 2383 uacat
563 2352 610 2383 CA
747 2362 782 2382 11
810 2351 928 2392 uigent
950 2352 978 2383 L
993 2356 1068 2383 ante
1083 2362 1163 2383 corr.
1300 2362 1337 2390 14
1355 2355 1432 2392 post
1446 2362 1474 2382 v.
1491 2361 1530 2382 10

192 2401 313 2437 transp.
333 2396 379 2427 CA
401 2397 551 2437 (propter
564 2396 769 2437 lzomoeotcl.)
