1648 2729
419 171 601 208 INDEX
641 169 1114 208 EPIGRAMMATON

164 281 194 312 O
213 281 266 312 cui
283 280 446 320 Tarpeias
461 280 554 311 licuit
571 280 771 319 contingere
787 289 934 319 quercus
981 279 1037 319 IV,
1058 290 1111 319 54.

165 325 195 356 Ο
214 325 266 356 cui
282 324 437 364 virgineo
454 325 638 355 flavescere
655 324 797 363 contigit
814 334 896 354 auro
944 323 1004 357 IX.
1022 334 1075 363 23.

165 369 195 398 O
213 369 292 400 felix
309 369 435 408 animo,
455 368 547 407 felix,
569 368 721 407 Nigrina.
740 368 861 398 marito
912 367 966 408 IV,
989 378 1039 406 75.

165 412 195 444 O
214 413 371 452 iucunda,
388 413 543 451 covinne,
563 412 709 442 solitudo
755 410 835 450 XII,
856 422 910 449 24.

164 456 194 486 O
214 456 372 487 Iuliarum
389 456 537 486 dedecus
557 456 787 486 Kalendarum
834 454 911 490 XII,
931 465 983 493 32.

165 499 195 531 O
214 500 294 530 mihi
312 510 465 530 curarum
484 499 629 539 pretium
646 510 715 529 non
732 499 800 529 vile
817 508 965 529 mearum
1011 498 1035 538 I,
1058 501 1107 537 76.

165 543 196 574 O
213 544 294 574 mihi
311 548 387 583 post
404 543 524 581 nullos,
546 542 621 580 Iuli,
639 543 858 573 memorande
873 542 1010 573 sodales
1056 541 1081 579 1,
1104 552 1153 582 15.

166 587 196 618 O
215 593 423 627 temperatae
442 587 541 618 dulce
561 587 714 617 Formiae
732 587 811 616 litus
858 586 900 624 X,
919 596 972 624 30.

165 631 298 669 Obstat,
317 641 394 662 care
412 631 561 669 Pudens,
581 631 706 661 nostris
723 640 784 661 sua
800 630 897 660 turba
914 629 1038 661 libellis
1084 629 1140 668 IV,
1160 640 1211 668 29.

165 675 326 706 Occurris
343 685 555 715 quocumque
572 675 647 705 loco
667 674 757 713 mihi,
779 674 948 710 Postume,
969 674 1095 705 clamas
1142 672 1184 712 II,
1204 675 1256 712 67.

165 719 328 750 Occurris
344 718 512 758 quotiens,
534 719 700 758 Luperce,
722 718 819 749 nobis
865 717 890 757 I,
910 727 978 756 117.

164 763 323 794 Occurrit
340 763 399 793 tibi
417 773 518 793 nemo
535 763 625 802 qnod
642 762 787 792 libenter
833 761 961 800 111,44.

167 807 366 845 Octaphoro
383 817 487 837 sanus
506 811 666 846 portatur,
687 806 798 844 Avite,
819 806 995 845 Philippus
1040 804 1097 842 VI,
1116 805 1170 843 84.

166 851 336 882 Octobres
351 861 415 890 age
432 851 556 881 sentiat
574 850 752 880 Kalendas
799 850 843 886 X,
861 850 914 888 87.

167 895 277 926 Oculo
296 894 470 925 Philaenis
486 904 625 932 semper
640 894 748 924 altero
766 894 877 932 plorat
924 892 979 931 IV,
1001 893 1056 932 65.

167 938 298 969 Oderat
315 944 394 969 ante
412 939 534 968 ducum
551 937 694 968 famulos
711 938 906 976 turbamque
923 937 1069 976 priorem
1117 935 1176 967 IX.
1199 945 1249 974 79.

167 983 234 1012 Odi
253 987 287 1012 te
304 983 382 1021 quia
397 982 506 1012 bellus
521 992 569 1021 es,
590 981 726 1012 Sabelle
771 980 851 1019 XII,
871 991 922 1020 39.

167 1026 255 1063 Ohe,
274 1026 339 1056 iam
356 1026 439 1056 satis
456 1030 520 1063 est,
538 1026 614 1065 ohe,
635 1025 746 1055 libelle
794 1024 850 1063 IV,
870 1025 922 1063 89.

167 1070 297 1100 Omnes
313 1074 371 1100 aut
387 1069 519 1100 vetulas
536 1069 641 1099 habes
657 1069 784 1099 amicas
828 1067 923 1105 VIII,
944 1078 994 1106 79.

168 1113 298 1144 Omnes
314 1114 529 1152 persequeris
546 1118 749 1153 praetorum,
770 1112 880 1151 Cotta,
900 1111 1032 1142 libellos
1078 1111 1121 1146 X,
1142 1111 1195 1142 88.

169 1157 298 1188 Omnes
314 1167 399 1196 quas
416 1157 543 1196 habuit,
566 1157 723 1193 Fabiane‚
742 1156 885 1196 Lycoris
901 1155 1026 1186 amicas
1072 1155 1128 1195 IV,
1148 1165 1199 1193 24.

167 1201 299 1231 Omnes
316 1201 450 1240 quidem
469 1201 571 1231 libelli
591 1201 667 1239 mei,
688 1201 826 1231 domine
870 1198 964 1239 VIII,
981 1199 1085 1240 praes.

167 1245 299 1276 Omnes
316 1245 501 1284 Sulpiciam
519 1246 633 1283 legant
650 1244 784 1284 puellae
831 1243 874 1282 X,
894 1252 946 1282 35.

168 1289 303 1328 Omnia,
323 1289 456 1328 Castor,
477 1289 561 1319 emis
579 1300 585 1319 :
609 1289 658 1319 sic
676 1289 733 1318 fiet
750 1293 786 1317 ut
802 1287 912 1317 omnia
927 1287 1057 1318 vendas
1102 1286 1179 1326 V11,
1198 1286 1250 1325 98.

168 1333 292 1363 Omnia
309 1343 385 1363 cum
404 1337 494 1363 retro
511 1333 627 1372 pueris
644 1332 786 1362 obsonia
802 1332 917 1361 tradas
964 1330 1025 1364 ΙΙΙ,
1045 1341 1099 1369 23.

169 1377 294 1407 Omnia
310 1377 429 1407 misisti
446 1376 528 1406 mihi
547 1376 794 1412 Saturnalibus,
806 1375 933 1405 Vmber
975 1374 1052 1414 VII,
1073 1384 1124 1413 53.

170 1420 294 1451 Omnia
311 1421 482 1460 promittis
498 1431 572 1450 cum
591 1425 662 1451 tota
680 1425 780 1450 nocte
796 1419 908 1449 bibisti
955 1417 1034 1457 XII,
1058 1428 1106 1449 12.

171 1465 297 1495 Omnia
313 1464 363 1495 vis
380 1464 478 1503 belle,
497 1464 625 1503 Matho,
646 1463 771 1494 dicere.
820 1463 883 1493 Dic
900 1463 1084 1501 aliquando
1132 1461 1174 1493 X.
1190 1461 1245 1498 46.

170 1508 292 1539 Omnis
309 1507 343 1538 in
360 1509 425 1539 hoc
442 1508 558 1547 gracili
576 1508 771 1538 Xexionnx
789 1507 888 1537 turba
904 1507 1017 1536 libello
1065 1505 1164 1541 X111,
1182 1515 1211 1543 3.

171 1552 283 1583 Orbus
301 1562 338 1582 es
356 1557 389 1582 et
406 1552 560 1591 locuples
576 1557 609 1582 et
628 1552 735 1582 Bruto
753 1551 894 1581 consule
912 1555 1012 1580 natus
1060 1549 1122 1587 XI,
1140 1561 1191 1588 44.

172 1597 312 1636 Orphea
327 1597 417 1635 quod
433 1596 543 1626 subito
561 1596 661 1626 tellus
678 1595 790 1626 emisit
808 1595 901 1625 hIatu
947 1594 1008 1634 Ep.
1028 1604 1080 1633 21,
1098 1594 1129 1625 b.

173 1684 301 1714 Pallida
318 1694 360 1713 ne
378 1683 521 1715 Cilicum
539 1684 679 1714 timeant
696 1682 849 1723 pomaria
865 1682 1016 1712 brumam
1062 1680 1157 1715 VIII,
1179 1691 1228 1719 14.

170 1728 285 1758 Palma
303 1728 391 1767 regit
408 1733 555 1764 nostros,
576 1727 752 1757 mitissime
769 1727 908 1765 Caesar,
927 1725 1079 1756 Hiberos
1124 1724 1204 1764 XII,
1222 1735 1253 1763 9.

172 1772 236 1803 Par
252 1772 365 1802 scelus
380 1772 516 1802 admisit
533 1771 665 1802 Phariis
682 1771 853 1801 Antonius
868 1770 970 1800 armis
1016 1769 1078 1809 ΙΙΙ,
1096 1770 1149 1799 66.

173 1816 312 1846 Parcius
329 1816 434 1846 utaris
452 1825 576 1846 moneo
593 1815 749 1854 rapiente
765 1815 892 1845 veredo
938 1812 1017 1850 XII,
1041 1824 1089 1852 14.

173 1860 256 1890 Pars
273 1860 486 1890 maxillarum
503 1864 601 1889 tonsa
619 1863 670 1888 est
686 1858 757 1896 tibi,
776 1868 856 1897 pars
872 1858 933 1888 tibi
950 1867 1026 1887 rasa
1043 1862 1095 1887 est
1139 1855 1233 1894 VIII,
1254 1866 1307 1895 47.

173 1903 360 1935 Parthenio
378 1903 444 1942 dic,
462 1903 570 1943 Musa,
591 1911 648 1933 tuo
666 1908 853 1941 nostroque
870 1902 1015 1931 salutem
1062 1899 1142 1937 XII,
1164 1910 1213 1931 11.

175 1948 281 1978 Parva
297 1957 398 1985 rogas
414 1957 556 1986 magnos
571 1958 578 1983 ;
602 1947 662 1976 sed
677 1957 744 1976 non
758 1946 840 1976 dant
854 1947 938 1975 haec
952 1955 1088 1984 quoque
1099 1944 1215 1982 magni
1248 1944 1310 1981 XI,
1324 1943 1376 1972 68.

182 1991 283 2022 parva
300 1991 486 2021 suburbani
502 1990 705 2021 munuscula
722 1989 888 2020 mittimus
905 1989 996 2019 horti
1041 1987 1118 2025 VII,
1138 1998 1190 2026 49.

189 2036 288 2066 Pauca
305 2034 419 2065 Iovem
438 2045 548 2074 nuper
565 2044 639 2064 cum
658 2033 751 2063 milia
766 2033 853 2063 sorte
871 2042 1027 2071 rogarem
1071 2031 1130 2071 VI,
1152 2041 1201 2063 10.

194 2076 312 2119 lauper
328 2079 438 2109 videri
455 2078 567 2108 Cinna
583 2078 655 2107 vult
670 2088 677 2116 3
702 2082 736 2107 et
753 2083 806 2107 est
824 2086 956 2116 pauper
999 2075 1093 2113 VIII,
1118 2086 1165 2114 19.

194 2121 344 2162 Iauperis
361 2122 512 2153 extruxit
528 2122 658 2160 cellam,
677 2122 738 2151 sed
754 2121 910 2151 vendidit
926 2120 1012 2151 Olus
1058 2118 1120 2157 III,
1140 2119 1193 2158 48.

196 2163 384 2198 Perfrixisse
404 2171 479 2196 tuas
495 2170 617 2205 questa
633 2171 685 2195 est
702 2164 870 2205 praefatio
887 2163 1004 2194 fauces
1050 2162 1112 2201 III,
1135 2163 1184 2194 18.

195 2209 336 2250 Pepetui
354 2220 538 2252 numquam
554 2210 719 2239 moritura
734 2208 907 2238 volumina
923 2207 987 2238 Sili
1031 2206 1108 2245 VII,
1126 2208 1180 2243 63.

196 2253 381 2285 Pevenisse
399 2259 490 2284 tuam
506 2254 573 2283 iam
591 2257 625 2283 te
642 2253 707 2283 scit
724 2252 869 2282 Rhenus
886 2252 921 2282 in
938 2252 1057 2281 urbem
1101 2250 1195 2289 VIII,
1218 2260 1266 2281 11.

197 2296 265 2329 Peit
283 2298 459 2329 Gemellus
475 2297 611 2336 nuptias
630 2296 832 2327 Maronillae
878 2294 904 2331 Ι,
928 2306 976 2326 10.

197 2340 325 2372 Peatus
341 2342 483 2381 pulchre
500 2341 591 2371 rides
606 2351 692 2379 mea,
712 2340 816 2378 Zoile,
837 2340 915 2370 trita
961 2338 1005 2378 ΙΙ,
1024 2339 1078 2378 58.

198 2383 325 2425 Phebe,
341 2385 432 2424 veni,
452 2386 511 2416 sed
529 2389 678 2424 quantus
694 2393 771 2414 eras
788 2394 864 2414 cum
881 2383 969 2413 bella
985 2382 1119 2413 tonanti
1156 2381 1232 2412 VII.
1253 2391 1304 2419 23.

199 2427 387 2469 Phtzphore,
404 2430 510 2459 redde
527 2429 617 2459 diem
633 2439 640 2459 :
663 2428 743 2467 quid
757 2427 880 2467 gaudia
893 2432 1011 2458 nostra
1022 2426 1165 2457 moraris
1179 2427 1188 2457 3
1219 2424 1314 2464 VIII,
1328 2435 1380 2454 21.

200 2471 272 2502 Pici
289 2474 380 2513 quod
398 2473 477 2512 iuga
493 2473 638 2503 delicata
655 2472 741 2502 collo
787 2470 813 2510 I,
836 2481 908 2509 104.
