1648 2729
766 142 1241 182 EPIGRAMMATON
1274 145 1379 181 LIB.
1412 145 1446 181 X

104 253 398 302 sollemnesque
427 252 536 291 iocos
566 266 640 291 nec
670 252 793 291 tristia
821 252 997 291 carmina
1025 254 1152 304 poscit

158 325 197 357 et
225 317 400 369 queritur
428 331 551 369 nugas
579 318 794 357 obticuisse
824 332 942 357 meas.

106 397 333 422 mensorum
363 383 490 434 longis
519 385 590 422 sed
619 398 726 422 nunc
755 392 867 422 vacat
896 384 960 423 ille
989 384 1142 423 libellis.
1432 403 1448 433 5

159 449 302 500 Appia,
334 449 430 499 quid
460 449 591 497 facies,
623 449 655 488 si
685 449 777 500 legit
806 449 880 488 ista
911 451 1079 489 Macer?

511 567 612 604 XIX
642 565 826 617 (XVIII)

108 650 196 687 Nec
225 655 339 686 vocat
367 649 419 686 ad
448 661 589 686 cenam
621 647 784 695 Marius,
815 661 890 687 nec
920 662 1083 687 munera
1113 648 1242 695 mittit,

159 727 234 753 nee
263 714 445 763 spondet,
478 727 552 752 nee
581 714 662 751 volt
691 715 862 760 eredere,
893 715 964 752 sed
994 727 1068 752 nec
1098 713 1228 752 habet.

104 778 219 817 turba
248 786 381 817 tamen
411 792 492 817 non
522 780 611 817 dest
640 779 812 818 sterilem
842 792 943 829 quae
973 787 1082 817 curet
1110 779 1294 817 amicum.

160 845 298 882 Eheu!
338 858 458 894 quam
488 845 618 882 fatuae
647 852 739 882 sunt
768 844 849 891 tibi,
884 846 1025 892 Roma,
1059 848 1198 895 togae!

548 967 625 1003 XX
657 965 791 1018 (XIX)

214 1049 301 1086 Nec
331 1049 495 1087 doctum
525 1048 618 1086 satis
646 1056 685 1086 et
714 1062 853 1098 parum
883 1062 1072 1095 severum,

212 1115 284 1152 sed
314 1127 392 1152 non
425 1113 656 1152 rusticulum
687 1122 821 1152 tamen
850 1113 1027 1153 libellum

212 1180 387 1218 facundo
417 1193 507 1217 mea
537 1179 666 1218 Plinio
695 1179 838 1217 Thalia

212 1244 224 1282 i
254 1245 406 1294 perfer:
447 1243 574 1282 brevis
604 1252 663 1282 est
692 1243 804 1282 labor
832 1252 1014 1294 peractae

211 1311 334 1348 altum
366 1309 524 1348 vincere
554 1309 750 1348 tramitem
781 1310 969 1348 Suburae.
1428 1329 1444 1359 5

211 1375 290 1414 illic
321 1376 482 1425 Orphea
511 1374 691 1425 protinus
721 1374 874 1414 videbis

210 1437 280 1476 udi
308 1437 454 1476 vertice
482 1437 678 1476 lubricum
713 1438 855 1476 theatri

211 1503 468 1554 mirantisque
497 1505 596 1542 feras
625 1517 821 1554 avemque
850 1503 960 1554 regis,

210 1577 366 1620 raptum
396 1583 498 1620 quae
526 1570 681 1619 Phryga
708 1569 868 1619 pertulit
896 1570 1071 1608 Tonanti
1087 1585 1096 1617 3

210 1634 289 1673 illic
318 1648 437 1685 parva
465 1634 523 1673 tui
552 1636 696 1673 domus
727 1635 901 1674 Pedonis
1409 1649 1446 1673 10

209 1701 360 1739 caelata
389 1708 448 1739 est
475 1700 631 1751 aquilae
660 1700 813 1739 minore
841 1700 976 1751 pinna.

211 1767 290 1804 Sed
321 1779 371 1804 ne
400 1775 579 1816 tempore
608 1779 690 1804 non
720 1774 789 1804 tuo
818 1766 1004 1805 disertam

210 1832 342 1881 pulses
372 1830 480 1869 ebria
509 1830 669 1869 ianuam
698 1831 860 1870 videto:

210 1904 315 1935 totos
344 1897 413 1935 dat
441 1895 602 1935 tetricae
631 1895 715 1935 dies
747 1896 962 1944 Minervae,

209 1963 306 2000 dum
337 1969 497 2000 centum
527 1962 660 2000 studet
687 1961 848 2000 auribus
876 1961 1047 1999 virorum
1406 1979 1442 2009 15

211 2028 289 2065 hoc
320 2028 428 2077 quod
457 2028 614 2065 saecula
643 2026 870 2077 posterique
898 2026 1052 2077 possint

210 2091 370 2142 Arpinis
400 2105 563 2142 quoque
592 2105 809 2142 conparare
838 2091 993 2130 chartis.

148 2196 265 2227 XVIII
291 2207 311 2234 4
337 2195 529 2227 obtacuisse
548 2195 599 2227 CA
754 2206 773 2236 5
798 2196 897 2227 bellis
914 2200 952 2226 ut
967 2196 1033 2227 vid.
1057 2195 1106 2227 CA
1263 2197 1284 2226 6
1307 2196 1398 2235 leget
1416 2197 1447 2235 Q

146 2239 233 2271 XIX
256 2240 331 2271 hab.
354 2239 415 2271 TR
500 2237 522 2270 '1
548 2244 648 2271 uacat
667 2239 713 2270 CA
803 2251 822 2270 2
847 2242 986 2279 spondit
1002 2240 1064 2270 ΑΛ
1131 2240 1254 2271 redere
1274 2240 1334 2269 AA
1354 2242 1444 2280 (red-

101 2284 182 2314 dere
205 2283 292 2323 PR)
427 2283 496 2315 XX
519 2294 538 2313 2
562 2290 676 2314 tamen
693 2283 749 2313 BA
767 2295 775 2314 τ
798 2284 878 2315 talia
897 2284 945 2314 CA
965 2284 1016 2325 (cfi
1031 2295 1060 2315 v.
1074 2284 1108 2323 35
1201 2288 1309 2324 5post
1317 2295 1346 2315 v.
1359 2285 1379 2313 6
1393 2284 1442 2314 CA

104 2338 143 2358 12
167 2327 292 2359 diserta
310 2327 384 2359 BA:
411 2327 572 2358 disertam
591 2328 640 2358 CA
748 2338 787 2367 13
812 2329 929 2368 pulsae
950 2328 1058 2359 febria
1076 2328 1123 2358 CA
1145 2328 1247 2368 (fpro
1263 2330 1295 2365 s)
1403 2338 1441 2366 15

101 2372 218 2402 studet
233 2372 288 2402 BA
304 2371 438 2402 Plinius
453 2372 536 2412 Epp.
556 2372 600 2402 iii.
621 2381 658 2402 21
678 2383 686 2403 t
709 2377 807 2403 uacat
825 2372 873 2403 CA
977 2373 1016 2402 16
1039 2372 1105 2403 hoc
1122 2381 1151 2404 5.
1170 2374 1254 2412 (om.
1269 2371 1374 2412 quod)
1395 2372 1443 2402 CA

102 2416 180 2456 (pro
200 2416 264 2446 hoc
281 2415 310 2446 si
327 2426 354 2446 s.
368 2416 394 2456 3)
470 2416 672 2455 posserique
692 2415 740 2446 CA
