1648 2729
199 152 255 189 M.
288 151 411 187 VAL.
444 150 760 187 MARTIALIS

197 265 417 314 parendum
447 271 506 302 est
535 262 705 310 monitis,
738 264 805 301 fiat
834 264 943 313 quod
973 270 1137 312 uterque
1166 263 1345 301 volemus

252 337 290 368 et
320 330 429 379 quod
457 337 669 379 utrumque
697 328 826 366 iuvat:
863 336 903 366 tu
935 327 1042 375 mihi,
1075 327 1235 377 Quinte,
1266 329 1371 366 dato.

712 480 807 516 LIV

200 560 239 599 Si
270 560 367 598 mihi
397 560 543 599 Picena
572 562 709 599 turdus
738 562 900 610 palleret
935 559 1046 607 oliva,

253 627 432 665 tenderet
460 634 528 664 aut
556 633 708 664 nostras
739 626 834 664 silva
863 625 1009 664 Sabina
1038 627 1182 676 plagas,

199 699 267 731 aut
297 700 498 730 crescente
527 691 622 730 levis
653 692 868 730 traheretur
897 690 1119 729 harundine
1148 692 1294 741 praeda

254 756 410 807 pinguis
440 764 478 795 et
507 756 702 806 inplicitas
731 756 837 806 virga
865 763 1016 794 teneret
1043 755 1149 794 avis:

198 835 287 860 cara
316 823 426 860 daret
455 823 646 860 sollemne
676 821 747 860 tibi
776 821 960 872 cognatio
990 834 1134 859 munus

254 900 327 925 nec
356 888 471 925 frater
500 886 615 924 nobis
645 900 719 924 nec
747 886 852 936 prior
881 894 983 924 esset
1011 900 1117 924 avus.

200 966 305 990 nunc
336 959 491 990 sturnos
520 951 658 1002 inopes
687 951 1025 1002 fringillorumque
1055 952 1234 1001 querelas

252 1017 362 1056 audit
393 1026 430 1056 et
458 1025 596 1068 arguto
626 1031 782 1067 passere
811 1025 946 1055 vernat
975 1031 1066 1067 ager
1080 1032 1091 1066 3

199 1084 293 1121 inde
323 1084 511 1121 salutatus
541 1082 653 1133 picae
682 1084 895 1133 respondet
924 1090 1061 1130 arator,

254 1147 346 1186 hinc
376 1161 498 1198 prope
528 1161 684 1186 summa
712 1162 829 1198 rapax
859 1148 999 1186 milvus
1028 1149 1079 1186 ad
1107 1155 1210 1186 astra
1238 1149 1354 1186 volat.

200 1213 391 1251 mittimus
421 1227 512 1263 ergo
541 1212 612 1251 tibi
642 1227 783 1263 parvae
812 1215 1048 1252 munuscula
1076 1213 1232 1260 chortis,

255 1278 385 1328 qualia
415 1279 446 1317 si
475 1278 625 1328 recipis,
658 1292 775 1329 saepe
805 1279 1051 1330 propinquus
1081 1279 1165 1318 eris.

733 1420 805 1456 LV

203 1505 310 1542 Luce
340 1503 664 1554 propinquorum,
697 1517 775 1553 qua
804 1502 971 1553 plurima
1001 1502 1167 1541 mittitur
1194 1504 1286 1550 ales,

256 1570 352 1607 dum
383 1570 525 1607 Stellae
555 1570 701 1616 turdos,
734 1570 830 1606 dum
860 1568 942 1616 tibi,
975 1570 1125 1616 Flacce,
1158 1582 1265 1618 paro,

202 1634 391 1672 succurrit
420 1633 536 1672 nobis
565 1633 702 1684 ingens
732 1647 979 1683 onerosaque
1008 1634 1132 1680 turba,

257 1699 296 1736 in
327 1712 405 1749 qua
434 1712 475 1737 se
504 1698 673 1748 primum
704 1697 871 1748 quisque
901 1711 1114 1747 meumque
1143 1704 1265 1747 putat.

204 1764 445 1802 demeruisse
475 1765 574 1802 duos
605 1771 740 1801 votum
771 1771 829 1801 est
844 1777 853 1810 3
892 1764 1092 1801 offendere
1122 1764 1252 1812 plures

257 1828 320 1866 vix
349 1836 503 1876 tutum3
541 1827 673 1866 multis
704 1827 856 1865 mittere
887 1828 993 1865 dona
1021 1840 1136 1877 grave
1166 1834 1234 1865 est.

205 1908 282 1945 qua
311 1908 473 1944 possum
504 1895 587 1932 sola
615 1892 770 1932 veniam
801 1893 952 1931 ratione
981 1893 1184 1931 merebor:

259 1974 332 1998 nec
362 1961 505 1998 Stellae
535 1960 670 1997 turdos
701 1972 774 1997 nec
804 1957 885 2005 tibi,
920 1959 1070 2005 Haece,
1103 1958 1219 1996 dabo.

249 2064 329 2094 LIII
354 2074 373 2103 3
397 2063 525 2094 uolenti
549 2064 598 2094 T:
621 2063 775 2093 iubemus
792 2062 844 2092 BA
864 2074 870 2092 :
895 2063 1048 2094 nolemus
1066 2062 1114 2092 CA

1502 1163 1540 1184 10

251 2108 327 2139 LIV
343 2108 416 2138 hab.
437 2107 472 2138 T.
537 2107 622 2137 Cum
641 2106 721 2136 LIII
739 2106 830 2145 confl.
853 2106 901 2136 CA
1026 2116 1039 2136 1
1059 2111 1114 2136 tur
1131 2104 1180 2136 CA
1197 2106 1277 2146 (om.
1298 2107 1355 2146 -d’‚
1374 2106 1391 2136 ι’.
1404 2116 1428 2137 e.
1448 2107 1541 2139 -dusl

206 2163 224 2182 2
249 2152 367 2182 sauina
385 2150 433 2182 CA
449 2151 483 2190 (ι’.
502 2162 526 2182 e.
549 2150 646 2188 Sab-)
781 2159 801 2188 3
826 2150 911 2180 uelis
930 2150 979 2180 CA
1110 2160 1129 2188 5
1155 2159 1231 2180 care
1250 2149 1370 2190 (Care)
1394 2149 1438 2180 T:
1465 2160 1542 2180 cara

206 2196 311 2226 ΒΑΕΑ
366 2195 560 2226 sollemnati
582 2193 631 2224 T:
655 2203 681 2224 S.
699 2193 778 2224 mihi
795 2193 845 2224 CA
942 2195 963 2223 6
986 2204 1018 2224 n.
1032 2193 1051 2224 f.
1065 2203 1098 2224 n.
1113 2194 1195 2223 haec
1208 2193 1314 2223 frater
1326 2195 1418 2233 (corr.
1433 2193 1540 2233 prior)

207 2249 235 2270 e.
248 2250 276 2269 a.
294 2239 341 2270 CA
442 2248 458 2276 7
478 2238 616 2277 inopem
629 2237 676 2267 CA
766 2236 1058 2276 fringillorumque
1075 2236 1205 2268 AACA:
1226 2237 1541 2276 fringuillarumque

206 2282 261 2312 ΒΑ
394 2293 416 2321 9
439 2282 473 2311 in
493 2282 563 2321 (1'.e.
581 2281 675 2317 inde)
695 2281 749 2310 BA
767 2281 816 2320 <in
834 2280 910 2319 LP)
1046 2290 1086 2310 10
1110 2281 1152 2310 ad
1168 2280 1304 2311 AACA:
1327 2281 1361 2310 in
1378 2280 1430 2310 ΒΑ
1451 2292 1457 2311 :
1481 2280 1539 2311 del.

207 2326 343 2356 Palmer
358 2325 548 2365 (Hermatlz.
571 2326 639 2355 xxi.
662 2324 736 2363 167}
762 2328 798 2354 ut
821 2324 944 2355 miluus
967 2324 1078 2364 trisyll.
1096 2324 1166 2363 fiat
1299 2334 1337 2355 12
1362 2334 1419 2355 sae
1444 2334 1541 2363 prop.

214 2369 288 2400 TCA
308 2372 379 2409 (per
391 2369 538 2409 lzaplogr.
548 2370 571 2409 7)

254 2413 312 2442 LV
333 2411 406 2444 hab.
433 2413 463 2443 T
