1648 2729
750 152 1223 192 EPIGRAMMATON
1255 153 1348 190 LIB
1398 153 1457 190 XI

223 274 261 306 et
291 274 406 306 notas
436 265 656 316 caryotidas
687 264 858 304 theatris.
1423 279 1460 303 ιο

223 332 316 371 hine
345 331 424 370 exit
452 330 603 369 varium
633 343 732 369 coco
762 329 940 376 minutal,

223 405 266 436 ut
295 399 442 436 lentem
472 395 642 447 positam
673 395 887 445 fabamque
916 395 1053 434 credas
1068 410 1078 443 3

221 463 376 502 boletos
410 462 584 500 imitatur
612 469 651 500 et
679 462 861 508 botellos,

221 537 260 568 et
289 529 459 568 caudam
489 527 593 577 cybii
623 527 842 577 brevesque
873 539 1043 565 maenas.

221 594 315 633 hinc
345 593 524 633 cellarius
554 592 751 643 experitur
779 599 893 639 artes,
1421 609 1460 641 15

221 669 263 700 ut
293 661 441 700 condat
470 658 577 698 vario
607 660 713 697 vafer
742 671 882 708 sapore

221 726 260 765 in
290 733 400 764 rutae
429 725 567 763 folium
599 723 840 774 Capelliana.

220 791 276 830 sic
306 791 430 841 inplet
458 791 621 841 gabatas
650 789 974 840 paropsidesque,

220 865 259 896 et
288 858 393 896 leves
423 857 597 895 scutulas
627 868 824 906 cavasque
854 857 997 893 lances.

223 924 316 961 Hoc
346 923 497 960 lautum
528 928 655 968 vocat,
687 922 765 959 hoc
794 927 906 970 putat
936 927 1159 966 venustum,
1422 937 1461 958 20

220 1001 344 1026 unum
375 1001 524 1038 ponere
554 985 711 1025 ferculis
741 993 800 1024 tot
828 999 969 1024 assem.

597 1081 762 1119 XXXII

111 1155 197 1192 Nec
227 1161 319 1203 toga
349 1166 422 1191 ηερ
452 1153 566 1191 focus
596 1159 655 1190 est
685 1165 759 1190 ηερ
789 1150 901 1190 tritus
932 1149 1072 1189 cimice
1102 1151 1227 1189 lectus

164 1232 238 1258 ηερ
268 1218 340 1257 tibi
370 1220 421 1257 de
451 1218 591 1257 bibula
620 1225 723 1256 sarta
752 1218 898 1268 palude
928 1223 1048 1266 teges,

111 1298 184 1323 nec
214 1298 312 1335 puer
340 1292 408 1322 aut
438 1283 580 1331 senior,
613 1284 722 1322 nulla
751 1291 810 1322 est
839 1282 983 1321 ancilla
1012 1295 1087 1320 nec
1116 1281 1257 1329 infans,

164 1363 238 1389 nec
267 1363 353 1389 sera
381 1363 456 1388 nee
485 1348 604 1388 clavis
634 1362 708 1388 ηερ
738 1348 846 1387 canis
875 1356 995 1398 atque
1025 1347 1135 1386 calix.

111 1424 152 1454 tu
183 1424 318 1454 tamen
347 1417 537 1463 adfectas,
569 1416 728 1463 Nestor,
760 1414 839 1453 dici
868 1422 988 1464 atque
1017 1413 1141 1451 videri
1441 1431 1457 1462 5

164 1494 314 1531 pauper
343 1488 382 1520 et
411 1480 451 1519 in
481 1481 632 1531 populo
663 1479 818 1530 quaeris
847 1480 995 1518 habere
1024 1480 1168 1518 locum.

111 1546 288 1586 mentiris
317 1560 501 1597 vanoque
530 1545 603 1585 tibi
632 1545 822 1584 blandiris
856 1546 1021 1584 honore.

165 1614 260 1652 Non
290 1620 349 1651 est
379 1620 602 1663 paupertas,
634 1613 793 1659 Nestor,
824 1611 971 1650 habere
1001 1610 1109 1649 nihil.

580 1707 769 1744 XXXIII

111 1777 276 1828 Saepius
306 1778 358 1816 ad
387 1779 561 1827 palmam
591 1776 772 1827 prasinus
801 1783 892 1827 post
920 1777 1000 1814 fata
1030 1776 1202 1815 Neronis

164 1842 343 1894 pervenit
373 1850 411 1881 et
440 1842 566 1881 victor
595 1841 770 1892 praemia
798 1843 910 1892 plura
938 1843 1064 1880 refert.

110 1908 120 1946 i
151 1922 269 1956 nunc,
300 1908 399 1947 livor
427 1910 539 1956 edax,
570 1908 635 1947 dic
664 1915 703 1947 te
732 1907 897 1946 cessisse
926 1906 1104 1946 Neroni:

164 1974 256 2013 vicit
286 1974 473 2012 nimirum
504 1987 586 2012 non
616 1975 737 2021 Nero,
769 1974 840 2012 sed
869 1972 1060 2023 prasinus.

584 2070 766 2106 XXXIV

112 2141 246 2179 Aedes
276 2139 372 2178 emit
402 2142 511 2191 Aper
539 2141 609 2178 sed
639 2153 737 2190 quas
767 2153 842 2178 nec
870 2146 1018 2177 noctua
1046 2140 1165 2178 vellet

165 2218 252 2244 esse
282 2219 372 2244 suas
386 2220 396 2253 3
435 2207 537 2244 adeo
567 2204 677 2256 nigra
706 2212 899 2254 vetusque
928 2217 1020 2242 casa
1048 2211 1117 2243 est.

155 2311 396 2387 {gxggfilllhgg
417 2355 447 2385 T
528 2365 541 2385 1
561 2366 628 2386 om.
648 2355 705 2386 ΒΑ
722 2357 868 2396 (propter
880 2355 1104 2385 homoeoarch.
1124 2353 1206 2394 nec)
1280 2353 1392 2384 cimile
1408 2352 1459 2384 CA

113 2411 132 2430 2
157 2405 254 2439 tegas
273 2399 303 2430 T
411 2410 430 2439 5
456 2404 575 2430 noster
596 2399 626 2430 T
855 2398 1010 2430 XXXIV
1033 2398 1108 2430 hab.
1133 2398 1162 2429 T
1260 2407 1275 2427 1
1303 2398 1413 2429 Sedes
1435 2396 1465 2427 T

112 2448 187 2485 (pro
203 2442 363 2486 <A)edes
375 2444 400 2484 3)
541 2454 561 2474 2
585 2443 663 2474 ideo
682 2442 713 2474 T
