1648 2729
205 151 260 187 M.
293 150 415 187 VAL.
449 148 765 187 MARTIALIS

312 262 424 299 Seras
453 259 573 299 tutior
600 259 676 298 ibis
704 261 756 298 ad
785 261 991 298 lucernas:

311 327 409 364 haec
438 327 535 364 hora
563 333 621 364 est
650 332 728 372 tua,
759 339 851 364 cum
880 325 971 363 furit
1001 327 1165 375 Lyaeus,

311 405 402 430 cum
431 399 566 442 regnat
594 405 693 438 rosa,
725 405 816 430 cum
846 392 1009 430 madent
1037 391 1191 442 capilli:
1498 410 1538 431 20

309 465 404 495 tunc
433 470 497 495 me
525 458 587 495 vel
616 456 728 506 rigidi
757 458 888 506 legant
918 457 1104 496 Catones.

711 574 811 611 XXI

204 655 381 694 Scribere
411 663 448 693 te
479 668 580 705 quae
608 654 671 693 vix
700 655 899 704 intellegat
927 654 1011 705 ipse
1042 655 1251 693 Modestus

257 729 295 759 et
324 720 387 758 vix
416 721 607 760 Claranus
637 719 734 770 quid
762 733 868 770 rogo,
900 721 1026 768 Sexte,
1057 719 1193 758 iuvat?

204 805 285 830 non
315 792 461 829 lectore
490 790 566 829 tuis
597 804 696 841 opus
727 798 785 829 est
814 791 884 829 sed
914 790 1101 841 Apolline
1130 790 1261 829 libris:

257 855 389 895 iudice
417 864 456 894 te
485 855 610 894 maior
639 855 770 895 Cinna
800 857 967 895 Marone
996 855 1078 894 fuit.

204 922 268 960 Sic
298 930 364 960 tua
393 922 604 960 laudentur
632 934 752 960 sane:
792 934 881 959 mea
910 920 1094 968 carmina,
1127 922 1253 968 Sexte,
1523 939 1539 969 5

256 985 519 1036 grammaticis
549 987 742 1036 placeant,
774 993 816 1024 ut
846 986 930 1025 sine
959 985 1234 1037 grammaticis.

690 1103 838 1140 XXIII

205 1187 291 1223 Iam
321 1192 502 1223 numerat
530 1183 689 1234 placido
720 1183 811 1222 felix
839 1183 1039 1223 Antonius
1068 1197 1168 1223 aevo

259 1249 489 1300 quindecies
519 1256 625 1288 actas
656 1249 809 1287 Primus
841 1249 1100 1300 Olympiadas

204 1315 513 1366 praeteritosque
543 1314 627 1353 dies
658 1322 696 1353 et
725 1322 831 1353 tutos
861 1314 1019 1364 respicit
1047 1329 1173 1354 annos

258 1395 332 1420 nec
362 1380 503 1419 metuit
531 1381 677 1419 Lethes
707 1380 785 1418 iam
815 1380 1008 1431 propioris
1037 1394 1170 1431 aquaS.

205 1449 313 1485 nulla
340 1446 563 1485 recordanti
592 1447 658 1484 lux
687 1454 746 1484 est
775 1445 924 1496 ingrata
952 1445 1183 1497 gravisque3
1524 1465 1541 1495 5

259 1514 367 1551 nulla
395 1512 466 1550 fuit
496 1511 608 1550 cuius
637 1525 719 1550 non
750 1511 978 1550 meminisse
1007 1511 1110 1550 velit.

205 1578 383 1628 Ampliat
410 1577 549 1616 aetatis
579 1577 749 1627 spatium
780 1576 855 1615 sibi
883 1576 940 1614 vir
969 1577 1122 1616 bonus:
1162 1578 1239 1616 hoc
1268 1585 1327 1616 est

259 1643 388 1681 vivere
417 1642 488 1690 bis,
521 1642 601 1680 vita
630 1656 747 1692 posse
777 1641 904 1692 priore
934 1641 1018 1680 frui.

701 1759 842 1795 XXIV

315 1835 476 1873 Natales
506 1833 603 1872 mihi
633 1832 800 1871 Martiae
831 1834 1049 1880 Kalendae,

315 1902 380 1937 lux
408 1898 645 1938 formonsior
673 1898 859 1937 omnibus
891 1897 1096 1945 Kalendis,

314 1978 393 2014 qua
421 1964 583 2002 mittunt
612 1963 709 2001 mihi
739 1977 882 2002 munus
913 1971 951 2001 et
979 1965 1145 2013 puellae,

314 2029 669 2080 quinquagensima
697 2029 777 2068 liba
805 2029 1095 2079 septimamque

314 2095 450 2134 vestris
479 2095 663 2134 addimus
693 2096 795 2133 hanc
824 2094 922 2133 focis
951 2107 1135 2132 acerram.
1523 2111 1539 2142 5

251 2199 318 2230 XX
342 2210 385 2230 20
409 2209 515 2238 regna
533 2198 582 2229 CA
671 2208 746 2228 eum
767 2197 813 2229 CA

250 2243 334 2273 XXI
364 2253 377 2273 1
403 2253 558 2282 quaeque
577 2240 685 2280 (E¹A]
706 2242 755 2272 vel
768 2252 853 2280 quae
875 2241 924 2272 CA
1055 2251 1084 2281 2,
1103 2250 1122 2280 5
1148 2241 1260 2280 crispe
1277 2241 1355 2272 BA:
1379 2247 1476 2273 sexte
1494 2242 1543 2273 CA

206 2298 225 2325 3
250 2287 332 2322 tuis]
352 2291 433 2317 tunc
452 2286 502 2316 CA
590 2287 611 2316 6
635 2290 670 2316 ut
683 2285 760 2316 BA:
785 2289 819 2316 et
838 2285 887 2315 CA
1128 2284 1250 2315 XXIII
1275 2285 1348 2316 hab.
1384 2285 1414 2315 T
1522 2296 1542 2316 2

207 2337 300 2361 aetas
322 2330 351 2360 T
451 2340 470 2369 3
494 2334 583 2360 totos
594 2329 673 2359 ΑΑτ
698 2334 791 2360 tutos
807 2328 916 2359 ΒΑΕΔ
1022 2339 1040 2366 4
1065 2329 1169 2359 metui
1191 2328 1239 2360 CA
1258 2332 1294 2359 ut
1308 2328 1372 2360 vid.
1464 2339 1542 2368 pro-

207 2375 319 2413 piores
335 2374 412 2404 BA:
441 2373 628 2413 proprioris
648 2372 695 2403 CA
714 2376 751 2402 ut
766 2372 832 2404 vid.
935 2382 954 2411 5
978 2372 1144 2402 recordati
1164 2372 1213 2402 CA
1379 2372 1499 2403 XXIV
1522 2383 1542 2403 2

208 2418 441 2448 formosiorum
460 2418 559 2448 nibus
578 2416 628 2447 CA
715 2426 735 2455 3
759 2416 807 2457 et]
826 2427 844 2447 e
867 2415 914 2447 CA
1005 2428 1022 2455 4
1047 2416 1131 2446 libra
1147 2415 1201 2446 ΒΑ
1292 2426 1311 2455 5
1336 2416 1397 2447 hac
1416 2415 1464 2447 CA
