1648 2729
195 149 251 186 M.
282 150 405 187 VAL.
438 150 752 189 MARTIALIS

703 304 807 342 LIII

300 387 465 425 Nummi
495 402 586 426 cum
617 388 687 427 tibi
717 389 795 428 sint
824 403 1000 440 opesque
1029 396 1161 428 tantae

298 460 465 502 quantas
495 452 589 491 civis
618 454 748 501 habet,
782 456 959 502 Paterne‚
991 468 1109 501 rarus,

297 517 443 568 largiris
473 517 570 556 nihil
599 518 845 569 incubasque
873 533 989 570 gazae

297 590 339 621 ut
368 596 534 632 magnus
563 584 682 622 draco
712 598 831 634 quem
861 592 1008 623 canunt
1037 591 1179 634 poetae

297 649 505 686 custodem
535 648 707 698 Scythici
736 649 856 688 fuisse
884 649 974 688 luci.
1507 666 1523 696 5

296 714 367 752 sed
396 726 524 760 causa,
556 721 599 751 ut
628 727 824 753 memoras
853 722 892 752 et
920 714 1005 764 ipse
1034 714 1166 761 iactas,

296 776 404 815 dirae
432 777 534 815 filius
564 785 623 816 est
651 778 884 828 rapacitatis.

297 842 455 892 Ecquid
483 850 525 880 tu
555 844 683 881 fatuos
712 844 910 893 rudesque
940 843 1095 893 quaeris

295 907 451 946 inludas
480 908 625 958 quibus
654 910 886 958 auferasque
917 910 1122 947 mentem?

296 973 388 1011 huic
418 986 573 1023 semper
600 973 695 1012 vitio
725 981 835 1024 pater
863 973 980 1012 fuisti.
1488 990 1526 1012 ιο

702 1148 795 1184 LVI

188 1240 378 1288 Aegrotas
408 1252 489 1277 uno
519 1238 651 1278 decies
680 1247 747 1277 aut
776 1238 931 1289 saepius
960 1252 1077 1286 anno,

241 1317 315 1342 nec
344 1303 415 1342 tibi
446 1305 515 1343 sed
545 1304 660 1343 nobis
691 1306 778 1352 hoc,
812 1306 1081 1354 Polycharme,
1114 1312 1258 1343 nocet:

189 1381 280 1406 nam
310 1369 493 1419 quotiens
523 1369 656 1420 surgis,
689 1369 831 1408 soteria
860 1369 990 1420 poscis
1020 1369 1180 1408 amicos.

241 1433 298 1472 Sit
327 1436 481 1483 pudor:
520 1442 678 1484 aegrota
706 1434 796 1482 iam,
829 1436 1098 1485 Polycharme‚
1131 1437 1264 1473 semel.

692 1610 809 1647 LVII

189 1696 269 1734 Cur
298 1709 415 1746 saepe
444 1696 538 1734 sicci
567 1710 685 1746 parva
715 1710 802 1734 rura
832 1695 1024 1735 Nomenti

187 1762 387 1811 laremque
416 1761 530 1800 villae
559 1761 764 1800 sordidum
794 1769 936 1811 petam,
970 1760 1154 1811 quaeris?

188 1827 274 1865 Nec
304 1826 513 1877 cogitandi,
546 1828 698 1876 sparse,
729 1840 803 1865 nec
833 1825 1065 1876 quiescendi

187 1891 226 1929 in
255 1892 352 1930 urbe
381 1893 491 1931 locus
521 1900 578 1930 est
607 1892 780 1942 pauperi.
840 1893 998 1942 Negant
1025 1890 1145 1928 vitam

187 1956 269 1995 ludi
299 1956 472 2007 magistri
501 1971 632 2005 mane,
662 1965 779 1996 nocte
808 1955 985 2006 pistores,
1502 1969 1518 2001 5

231 2060 311 2092 LIII
336 2072 386 2092 vv.
408 2069 475 2098 1—5,
497 2071 581 2099 7-10
597 2060 672 2091 hab.
697 2061 726 2090 T
804 2070 823 2090 2
846 2059 954 2089 habes
975 2059 1004 2088 T
1077 2062 1219 2098 paterne
1242 2056 1299 2086 BA
1409 2067 1428 2096 4
1453 2068 1521 2088 ma-

186 2104 261 2143 gnis
285 2105 398 2144 T<vix
408 2108 469 2143 pro
486 2115 540 2135 —us
556 2114 634 2135 corr.
651 2104 690 2136 -ἣ
887 2112 906 2140 5
930 2102 1045 2142 stytici
1073 2103 1093 2133 f.
1121 2102 1190 2132 ludi
1218 2101 1266 2132 CA
1441 2111 1458 2140 7
1483 2111 1520 2131 es

186 2148 321 2179 AACA:
355 2153 406 2178 est
422 2148 479 2178 BA
678 2148 698 2177 8
722 2147 806 2177 haec
831 2147 912 2186 quid
934 2146 1054 2186 T(pro
1071 2145 1234 2186 ecquid):
1259 2150 1292 2176 et
1309 2144 1390 2184 quid
1412 2144 1519 2175 ΒΑΕΔ

231 2203 265 2222 ro
282 2202 319 2222 ec
345 2192 401 2222 uid

187 2196 307 2265 (pLVI
322 2192 453 2265 cllzab.)T
537 2245 555 2264 2
581 2244 642 2264 nec
662 2233 759 2263 nobis
783 2233 828 2263 T:
854 2234 913 2263 sed
933 2233 1030 2263 nobis
1046 2232 1155 2263 BACA
1244 2242 1263 2270 4
1279 2231 1350 2271 sip.
1367 2236 1521 2271 aegrotat

187 2280 229 2309 da
247 2291 276 2320 p.
295 2289 320 2309 s.
348 2278 409 2307 ΑΑ
608 2277 702 2308 LVII
727 2288 776 2307 vv.
800 2287 869 2316 1>7‚
889 2288 989 2316 9-10,
1010 2286 1058 2315 15,
1079 2277 1120 2305 28
1137 2275 1211 2306 hab.
1238 2275 1268 2305 T
1362 2285 1376 2306 1
1404 2275 1520 2314 pax-uia

189 2323 236 2353 CA
395 2321 558 2352 momenti
586 2321 633 2351 CA
850 2331 869 2350 2
893 2325 1005 2360 petam
1031 2319 1184 2360 quaeris]
1211 2328 1351 2358 querem
1378 2319 1468 2358 petis
1496 2318 1525 2348 T

187 2376 206 2405 3
231 2366 420 2405 cogitandis
465 2375 546 2404 pare
591 2364 637 2395 T:
691 2363 883 2402 cogitandis
925 2373 1004 2404 pars
1021 2363 1070 2394 CA
1322 2371 1340 2401 5
1366 2362 1518 2402 magistri

187 2410 315 2440 AACA:
342 2408 505 2448 magister
521 2407 575 2438 ΒΑ
