1648 2729
699 133 1170 174 EPIGRAMMATON
1201 136 1305 174 LIB.
1337 136 1445 175 VIII

111 246 217 284 lenta
247 244 377 284 minus
406 244 539 296 gracili
567 252 750 284 crescunt
778 246 975 285 colocasia
1003 248 1081 295 filo,

165 311 283 361 plena
311 310 434 361 magis
464 310 587 349 nimio
617 310 696 350 lilia
724 313 807 350 sole
836 313 985 351 cadunt
1001 327 1013 361 3

111 388 185 414 nec
213 389 311 426 vaga
339 383 420 414 tam
449 375 559 415 tenui
588 376 769 415 discurrit
797 390 940 416 aranea
969 379 1057 425 tela,
1408 393 1447 426 15

164 448 245 479 tarn
274 442 360 480 leve
389 454 462 480 nec
491 441 667 491 bombyx
695 443 893 492 pendulus
923 451 1033 492 urget
1062 456 1173 493 opus.

111 505 277 545 crassior
305 506 346 544 in
375 506 475 545 facie
504 508 659 546 vetulae
688 515 764 546 stat
793 516 899 546 creta
929 508 1128 554 Fabullae,

165 570 329 610 crassior
358 572 531 611 offensae
560 572 668 611 bulla
697 572 880 612 tumescit
908 586 1035 623 aquae
1050 588 1060 621 ,-

110 636 246 676 fortior
274 644 312 676 et
341 644 465 676 tortos
494 645 620 677 servat
648 638 778 677 vesica
807 639 970 689 capillos

165 709 203 741 et
232 710 358 741 mutat
388 702 520 741 Latias
550 717 691 753 spuma
721 706 871 743 Batava
899 717 1045 743 comas.
1409 720 1449 744 20

110 769 184 807 hac
214 775 304 807 cute
334 769 495 807 Ledaeo
524 768 686 807 vestitur
714 771 845 819 pullus
874 769 914 808 in
944 782 1032 817 ovo,

163 832 256 871 talia
283 834 418 872 lunata
446 833 597 884 splenia
625 835 753 873 fronte
782 835 932 873 sedent.

112 897 220 947 Quid
250 898 322 937 tibi
351 912 442 937 cum
472 898 614 950 phiala,
646 899 805 950 ligulam
835 913 927 938 curn
957 899 1111 938 mittere
1145 899 1283 950 possis,

165 963 319 1002 mittere
347 977 439 1002 cum
468 963 595 1014 possis
624 965 686 1003 vel
715 966 892 1003 cocleare
923 964 1088 1012 mihi,—

111 1042 253 1079 magna
280 1028 398 1067 nimis
426 1028 859 1080 loquimur—cocleam
888 1043 980 1068 cum
1010 1029 1163 1068 mittere
1192 1029 1330 1080 possis,
1410 1045 1448 1078 25

164 1094 339 1145 denique
367 1108 458 1133 curn
488 1094 615 1146 possis
646 1094 810 1143 mittere,
844 1096 976 1143 Paule,
1009 1095 1139 1133 nihil?

581 1195 761 1231 XXXIV

111 1265 382 1314 Archetypum
412 1265 531 1314 Myos
559 1271 766 1314 argentum
796 1270 835 1302 te
863 1263 962 1302 dicis
991 1264 1148 1302 habere.

166 1330 288 1379 Quod
318 1328 402 1368 sine
431 1336 470 1368 te
499 1330 647 1368 factum
677 1336 736 1368 est
764 1330 842 1368 hoc
871 1328 995 1380 magis
1024 1331 1282 1380 archetypum
1313 1331 1403 1369 est?

594 1430 752 1466 XXXV

218 1507 321 1546 Cum
353 1505 434 1544 sitis
463 1505 609 1545 similes
638 1519 831 1556 paresque
859 1505 949 1553 vita,

218 1585 315 1610 uxor
343 1571 525 1622 pessima,
555 1571 750 1622 pessimus
780 1570 952 1618 maritus,

218 1636 337 1675 miror
365 1650 446 1676 non
475 1637 579 1676 bene
607 1636 820 1676 convenire
848 1635 972 1676 vobis.

578 1737 759 1774 XXXVI

113 1812 237 1864 Regia
266 1812 526 1864 pyramidum,
560 1814 716 1860 Caesar,
748 1812 936 1851 miracula
964 1811 1069 1860 ride;

164 1879 243 1917 iam
273 1886 376 1917 tacet
406 1880 537 1917 Eoum
567 1878 733 1917 barbara
763 1877 966 1927 Memphis
996 1890 1122 1927 opus:

110 1957 198 1996 pars
228 1951 350 1994 quota
379 1943 607 1982 Parrhasiae
636 1943 748 1982 labor
776 1950 834 1981 est
865 1942 1107 1981 Mareoticus
1140 1943 1285 1981 aulae?

165 2009 305 2048 clarius
334 2008 375 2047 in
404 2016 489 2048 toto
518 2008 573 2047 nil
601 2008 709 2047 videt
737 2008 833 2047 orbe
863 2007 959 2047 dies.

157 2124 196 2154 15
220 2120 332 2147 tecum
347 2114 468 2156 (PQf)
482 2113 532 2145 vel
540 2113 635 2145 tenui
652 2113 713 2155 (L)
724 2112 781 2144 ΒΑ
943 2123 986 2143 20
1009 2111 1184 2152 spumabat
1200 2112 1287 2142 flaua
1305 2110 1354 2142 CA
1372 2112 1448 2152 (pro

112 2159 290 2199 spumabat
306 2169 379 2198 aua,
399 2159 451 2190 tle.
471 2167 591 2198 spuma
602 2157 740 2197 bataua)
890 2166 929 2187 21
956 2157 1020 2187 hoc
1042 2157 1076 2187 T
1218 2165 1260 2186 22
1283 2155 1380 2187 sedet
1398 2155 1447 2186 CA

112 2212 166 2242 23,
180 2212 234 2242 24,
248 2211 300 2241 25.
315 2203 359 2232 26
375 2212 495 2242 posses
514 2201 563 2232 CA
697 2210 738 2240 25
764 2199 878 2231 coclea
896 2200 945 2232 CA

157 2246 311 2277 XXXIV
334 2256 354 2276 2
367 2247 452 2286 sort.
469 2245 512 2285 Q.
529 2245 614 2276 scite
634 2244 657 2277 f.
677 2256 706 2276 e.

157 2290 292 2320 XXXV
316 2289 390 2320 hab.
414 2289 445 2320 T

157 2333 307 2365 XXXVI
333 2344 352 2373 3
376 2337 453 2364 cota
471 2332 521 2364 CA
539 2332 573 2374 (i.
582 2343 605 2364 e.
624 2331 740 2373 quota)
812 2330 1018 2361 Mareoticus
1034 2328 1148 2369 aulae]
1167 2329 1449 2361 mareauleoticus

112 2377 167 2408 ΒΑ
187 2377 297 2418 (aulae
313 2381 416 2418 supra
432 2376 585 2408 additum
603 2378 684 2417 crat)
791 2385 809 2413 4
834 2375 956 2406 clarius
970 2374 1047 2406 Ital.
1065 2385 1073 2405 ε
1097 2374 1208 2405 carius
1222 2373 1277 2404 ΒΑ
1294 2385 1300 2404 :
1328 2373 1449 2404 clarior

114 2421 164 2452 CA

1302 2472 1363 2505 12*
