1648 2729
668 157 1140 195 EPIGRAMMATON
1173 157 1277 194 LIB.
1310 158 1394 194 XII

166 282 362 319 nusquam
392 276 450 308 est
480 268 627 307 mulio:
666 268 844 307 mannuli
874 269 1072 307 tacebunt.

166 336 202 374 O
233 334 265 373 si
293 334 476 374 conscius
506 342 609 373 esset
638 334 702 373 hie
730 334 883 382 Avitus,

165 413 300 438 aurem
330 413 412 438 non
441 413 514 449 ego
544 399 695 439 tertiam
727 399 918 438 timerem.
1361 414 1398 436 10

165 473 270 504 totus
301 479 420 516 quam
450 466 553 504 bene
582 464 638 504 sic
668 465 752 503 dies
781 464 932 503 abiretl

561 567 678 602 XXV

59 637 162 676 Cum
192 649 287 686 rogo
317 643 354 674 te
384 650 570 675 nummos
600 636 684 675 sine
714 635 887 686 pignore,
920 638 1026 674 ‘non
1056 636 1211 674 habeo'
1241 634 1397 685 inquis;

111 700 230 748 idem,
262 701 294 739 si
322 715 393 752 pro
424 715 487 740 me
516 703 688 752 spondet
716 703 875 752 agellus,
908 701 1055 739 habes:

58 767 167 816 quod
197 766 294 804 mihi
323 780 405 805 non
437 767 563 807 credis
593 766 725 815 veteri,
757 766 953 814 Telesine,
985 765 1125 814 sodali,

111 831 238 870 credis
270 831 451 870 coliculis
476 832 764 882 arboribusque
794 832 903 871 meis.

58 898 165 935 Ecce
193 910 304 936 reum
335 898 460 936 Carus
489 905 528 936 te
557 897 721 936 detulit:
760 896 863 936 adsit
891 897 1050 946 agellus.
1382 912 1399 943 5

111 962 214 1000 exilii
244 962 431 1001 comitem
462 962 638 1013 quaeris:
679 963 828 1013 agellus
858 970 931 1001 eat.

435 1063 599 1099 XXVII
630 1060 853 1111 (XXVIII)

58 1138 160 1176 Poto
190 1151 263 1187 ego
293 1145 501 1186 sextantes,
534 1145 576 1176 tu
605 1145 730 1188 potaS,
764 1137 903 1185 Cinna,
935 1138 1135 1176 deunces:

112 1210 151 1241 et
180 1203 352 1254 quereris
382 1204 492 1253 quod
521 1216 614 1251 non,
647 1203 788 1250 Cinna,
819 1202 1003 1241 bibamus
1032 1202 1169 1241 idem?

445 1310 633 1346 XXVIII
664 1307 840 1360 (XXIX)

60 1385 338 1435 Hermogenes
367 1392 499 1422 tantus
529 1398 774 1434 mapparum,
805 1383 1043 1431 †Castrice†‚
1075 1384 1136 1422 fur
1165 1391 1223 1422 est

113 1458 285 1499 quantus
315 1463 570 1488 nummorum
600 1449 673 1497 vix,
705 1457 814 1499 puto,
847 1451 983 1487 Massa
1011 1448 1108 1497 fuit,-

59 1521 101 1552 tu
131 1514 223 1554 licet
252 1516 436 1554 observes
466 1516 643 1554 dextram
674 1523 889 1565 teneasque
919 1514 1127 1562 sinistram,

117 1580 292 1621 inveniet
322 1594 508 1631 mappam
539 1594 617 1631 qua
646 1580 797 1619 ratione
827 1581 981 1618 trahat:

59 1647 238 1687 cervinus
267 1645 442 1696 gelidum
472 1646 605 1684 sorbet
634 1645 689 1684 sie
719 1645 862 1684 halitus
890 1659 1073 1695 anguem,
1384 1663 1401 1694 5

114 1725 270 1752 casuras
299 1713 377 1750 alte
406 1711 462 1750 sie
491 1711 591 1762 rapit
621 1711 694 1749 Iris
722 1725 856 1762 aquas.

61 1791 186 1828 nuper
214 1791 306 1816 cum
337 1776 496 1827 Myrino
524 1784 722 1828 peteretur
751 1776 885 1815 missio
915 1777 1034 1824 laeso,

115 1842 302 1882 subduxit
333 1855 496 1892 mappas
526 1849 712 1893 quattuor
742 1844 1045 1891 Hermogenes3

61 1916 251 1948 cretatam
280 1915 437 1959 praetor
465 1921 556 1946 cum
587 1909 705 1946 vellet
734 1906 888 1945 mittere
918 1920 1115 1957 mappam,

115 1972 284 2024 praetori
313 1986 500 2023 mappam
530 1972 682 2023 surpuit
713 1974 1000 2021 Hermogenes.
1363 1988 1403 2009 10

62 2041 243 2078 attulerat
273 2051 459 2088 mappam
489 2052 608 2076 nemo
637 2039 734 2076 dum
764 2039 865 2076 furta
894 2037 1104 2076 timentur:

117 2105 289 2143 mantele
317 2117 341 2142 a
370 2117 507 2142 mensa
537 2103 687 2154 surpuit
718 2105 1006 2152 Hermogenes.

108 2208 228 2238 XXIV
251 2210 271 2239 8
296 2218 462 2247 nusquam
477 2208 555 2243 BA:
579 2218 744 2248 nusquam
764 2212 815 2239 est
836 2207 885 2239 CA
900 2207 1004 2247 :fort.
1026 2211 1225 2247 nusquamst
1380 2218 1401 2246 9

65 2252 147 2283 hinc
163 2252 209 2282 ait
227 2252 338 2283 uictus
357 2252 407 2283 CA
497 2262 536 2283 10
559 2252 701 2283 timente
720 2251 769 2282 CA
957 2251 1058 2282 XXV
1074 2252 1147 2282 hab.
1174 2251 1204 2281 T
1291 2260 1305 2281 1
1331 2261 1399 2280 non

64 2306 128 2327 om.
153 2296 202 2327 CA
333 2306 352 2334 4
379 2295 541 2327 codiculis
559 2296 640 2326 AA:
667 2295 818 2326 coliculis
834 2295 942 2326 BACA
1074 2297 1094 2325 6
1120 2305 1162 2325 ex
1180 2294 1224 2324 illi
1249 2294 1297 2324 T:
1321 2294 1401 2324 exili

66 2339 138 2371 CA:
162 2340 265 2370 exilio
280 2338 356 2370 Ital.
557 2339 693 2370 XXVII
721 2349 736 2370 1
764 2339 875 2380 potas]
894 2343 977 2378 pota
997 2338 1046 2370 CA
1248 2337 1400 2369 XXVIII

63 2394 131 2414 om.
151 2383 201 2414 CA
291 2393 305 2413 1
332 2383 484 2415 Castrice
500 2383 691 2426 scn'p31'(vel
705 2383 866 2424 Maxime)
883 2394 889 2414 :
915 2393 980 2414 om.
999 2382 1066 2414 cod.
1172 2392 1191 2421 5
1216 2382 1317 2413 alitus
1333 2381 1398 2413 cod.

67 2437 108 2458 10
131 2426 283 2467 praetori
298 2437 338 2458 ex
353 2427 414 2459 ·ris
429 2427 458 2458 L
