1648 2729
708 137 1177 177 EPIGRAMMATON
1211 139 1312 176 LIB.
1346 139 1428 176 VII

618 251 800 288 LXVIII

96 322 390 361 Commendare
421 334 538 368 meas,
573 320 743 359 Instanti
773 322 892 368 Rufe,
922 322 1119 360 Camenas

148 399 264 436 parce
293 399 432 437 precor
460 399 624 425 socero:
663 385 762 425 seria
791 387 923 425 forsan
951 394 1067 425 amat.

94 453 204 502 quod
233 451 266 490 si
294 451 459 491 lascivos
488 451 662 491 admittit
690 459 729 491 et
757 451 821 491 ille
850 452 1018 500 libellos,

148 518 246 556 haec
276 531 349 568 ego
378 519 439 556 vel
470 517 590 557 Curio
621 517 883 568 Fabricioque
912 519 1050 568 legam.

643 618 781 655 LXIX

96 689 213 726 Haec
241 695 300 726 est
329 687 394 726 illa
423 687 495 726 tibi
523 687 718 738 promissa
746 687 985 737 Theophila,
1015 687 1130 735 Cani,

149 752 260 791 cuius
292 753 486 803 Cecropia
515 761 676 803 pectora
706 754 799 792 dote
829 755 1002 792 madent.

95 820 198 857 hanc
227 818 302 857 sibi
331 818 413 857 iure
442 826 550 869 petat
579 818 712 869 magni
740 818 845 857 senis
875 818 1031 857 Atticus
1061 819 1208 865 hortus,

150 897 224 922 nec
253 883 383 922 minus
414 897 499 922 esse
529 897 641 922 suam
671 884 804 923 Stoica
833 884 947 922 turba
975 883 1078 922 velit.

94 949 197 987 vivet
226 962 326 999 opus
356 951 640 999 quodcumque
669 963 738 1000 per
767 950 837 987 has
867 949 1041 988 emiseris
1070 963 1208 997 aures3
1416 968 1432 999 5

149 1023 229 1053 tam
259 1028 341 1053 non
370 1014 587 1053 femineum
616 1028 691 1053 nec
719 1016 910 1065 populare
940 1014 1051 1064 sapit.

95 1093 176 1119 non
206 1088 274 1118 tua
303 1079 515 1118 Pantaenis
545 1079 713 1118 nimium
743 1093 785 1118 se
814 1081 1006 1130 praeferat
1040 1079 1105 1126 illi,

149 1145 328 1196 quamvis
359 1145 490 1184 Pierio
519 1145 568 1184 sit
597 1146 700 1184 bene
730 1153 825 1184 nota
854 1147 987 1184 choro.

94 1210 269 1249 carmina
297 1212 512 1261 fingentem
543 1212 705 1262 Sappho
733 1211 921 1249 laudabat
950 1210 1135 1249 amatrix:

149 1276 292 1316 castior
321 1278 419 1315 haec
449 1284 487 1315 et
516 1290 598 1315 non
628 1276 784 1315 doctior
813 1276 878 1314 illa
907 1275 990 1314 fuit.
1397 1293 1435 1314 10

632 1377 791 1414 LXXII

205 1448 348 1486 Gratus
378 1446 434 1485 sic
463 1446 548 1494 tibi,
579 1448 710 1493 Paule,
742 1446 791 1484 sit
822 1446 1047 1485 December

202 1526 278 1551 nec
306 1512 396 1550 vani
424 1512 595 1562 triplices
625 1512 844 1562 brevesque
874 1525 1042 1562 mappae

203 1591 278 1616 nec
306 1577 401 1616 turis
430 1577 590 1616 veniant
618 1579 723 1616 leves
753 1577 933 1625 selibrae,

203 1644 274 1682 sed
302 1645 435 1681 lances
463 1644 561 1682 ferat
589 1651 628 1681 et
657 1644 827 1693 scyphos
855 1656 1019 1681 avorum

202 1717 270 1747 aut
297 1708 455 1759 grandis
485 1722 572 1747 reus
601 1716 670 1747 aut
698 1717 839 1759 potens
869 1708 1044 1747 amicus:
1416 1726 1433 1757 5

203 1787 272 1812 seu
302 1775 412 1824 quod
440 1782 479 1813 te
508 1774 639 1825 potius
668 1774 775 1813 iuvat
803 1774 1001 1825 capitque,

204 1839 259 1878 sic
288 1839 422 1878 vincas
452 1839 709 1890 Noviumque
738 1840 1006 1889 Publiumque

204 1905 378 1944 mandris
408 1913 446 1944 et
474 1905 597 1944 vitreo
626 1907 777 1944 latrone
806 1907 937 1943 clusos
952 1919 962 1952 3

203 1971 259 2010 sic
288 1974 461 2021 palmam
490 1971 563 2010 tibi
591 1973 642 2010 de
670 1972 822 2022 trigone
851 1972 962 2010 nudo

142 2076 289 2107 LXVIII
314 2086 334 2115 3
351 2080 385 2106 et
397 2086 463 2106 om.
476 2074 533 2106 ΒΑ

142 2120 259 2151 LXIX
281 2132 300 2150 2
326 2121 406 2151 dote
421 2119 477 2149 ΒΑ
492 2131 500 2150 :
523 2129 609 2150 uoce
628 2120 677 2150 CA
766 2123 907 2150 manent
922 2119 976 2149 ΒΑ
1067 2129 1154 2157 3-10
1178 2130 1248 2150 nov.
1263 2119 1362 2159 eprgr.
1380 2120 1435 2150 BA

95 2175 116 2204 3
139 2170 235 2204 putat
250 2164 306 2195 ΒΑ
395 2163 479 2194 ortis
497 2163 583 2203 (h0-)
598 2163 647 2194 CA
779 2174 800 2202 4
824 2168 917 2194 tuum
933 2163 988 2193 ΒΑ
1121 2172 1140 2201 5
1165 2173 1227 2201 per
1243 2173 1434 2203 quemcum>

96 2219 162 2248 que
181 2219 242 2248 per
262 2209 323 2239 has
349 2207 500 2238 emiserit
517 2217 618 2237 aures
635 2207 690 2247 (ex
712 2217 782 2237 -ras
810 2211 846 2237 ut
867 2206 948 2246 vid.)
965 2206 1020 2236 BA
1108 2207 1171 2237 has
1186 2207 1239 2237 BA
1256 2218 1262 2237 :
1286 2207 1369 2238 istas
1387 2207 1434 2237 CA

95 2254 117 2283 6
139 2252 206 2282 iam
218 2252 273 2282 ΒΑ
362 2262 383 2290 9
406 2249 561 2281 laudabat
577 2251 652 2281 BA:
677 2251 828 2282 laudauit
844 2250 892 2281 CA
937 2251 1061 2280 amtrix
1079 2253 1116 2279 ut
1131 2250 1194 2281 vid.
1217 2249 1267 2281 CA
1284 2253 1365 2289 (non
1382 2250 1432 2290 A>

142 2295 277 2326 LXXII
305 2305 319 2326 1
345 2295 388 2326 sit
406 2295 476 2326 dec.
497 2294 597 2333 paule
616 2294 665 2325 CA
776 2304 796 2333 3
821 2299 939 2334 turpes
954 2294 1009 2324 ΒΑ
1027 2305 1034 2325 :
1057 2294 1141 2324 turis
1160 2293 1210 2324 CA
1276 2293 1434 2325 leuessue

98 2339 224 2380 besue)
241 2339 347 2370 librae
362 2339 417 2369 BA
434 2350 441 2369 :
465 2339 589 2369 breues
604 2349 632 2370 5.
653 2337 702 2369 CA
720 2338 771 2378 (cfl
790 2349 818 2369 v.
836 2338 869 2377 2)
985 2349 1004 2376 4
1028 2337 1076 2379 et]
1096 2342 1154 2368 aut
1172 2337 1221 2368 CA
1330 2339 1351 2368 6
1375 2339 1436 2368 sed

98 2385 180 2422 (set)
194 2383 250 2413 ΒΑ
377 2393 394 2421 7
420 2392 598 2421 nouosque
615 2380 675 2422 (L)
694 2392 772 2413 corr.
790 2392 982 2421 nouomque
1002 2381 1063 2422 (f)
1083 2380 1140 2411 BA
1156 2384 1193 2411 ut
1206 2380 1268 2412 vid.
1292 2382 1432 2422 (nouom

98 2427 137 2467 Q,
154 2437 348 2466 nouumque
364 2426 409 2467 P)
427 2426 500 2466 (pro
518 2426 549 2456 N
554 2426 717 2466 oviosque
728 2427 754 2468 ἓ)

140 2491 247 2513 MART.
266 2491 318 2512 EP.
338 2491 386 2513 sc.
405 2491 460 2512 ει).
1305 2480 1342 2510 11
