1648 2729
528 167 710 204 INDEX
750 166 1219 205 EPIGRAMMATON

263 277 381 309 Garris
396 277 429 307 in
446 287 561 307 aurem
578 287 717 316 semper
731 277 898 314 omnibus,
916 277 1029 308 Cinna
1074 277 1100 315 Ι,
1115 278 1167 317 89.

264 321 395 352 Gellius
412 321 568 351 aedificat
585 331 719 360 semper
735 332 742 351 :
766 322 866 351 modo
883 322 1000 352 limina
1017 322 1116 361 ponit
1162 321 1226 361 IX,
1241 323 1293 361 46.

265 365 395 403 Genus,
414 365 537 404 Auem,
553 365 637 395 lucri
657 365 780 395 divites
797 365 923 396 habent
938 366 1021 395 iram
1067 365 1148 403 XII,
1169 374 1218 403 13.

265 409 407 440 Gratum
423 414 475 440 est
489 410 579 447 quod
597 409 709 439 Celeri
726 414 860 439 nostros
876 409 972 448 legis,
989 409 1110 447 Aucte,
1128 409 1262 440 libellos
1307 408 1386 448 VII,
1405 419 1457 449 52.

264 453 389 484 Gratus
407 452 455 483 sic
474 453 545 490 tibi,
564 452 680 491 Paule,
697 453 739 482 sit
759 453 950 483 December
993 452 1071 491 VII,
1090 463 1141 491 72.

265 536 380 567 Habet
398 536 582 567 Africanus
598 535 744 574 miliens,
764 540 878 566 tamen
895 540 1007 575 captat
1052 535 1132 575 XII,
1150 546 1200 568 10.

265 580 362 611 Haec
382 584 435 611 est
452 581 508 610 illa
526 581 610 618 dies,
628 580 741 618 magni
757 590 845 618 quae
863 580 1000 610 conscia
1018 584 1134 619 partus
1178 579 1254 617 VII,
1274 590 1325 610 21.

265 623 362 655 Haec
380 629 431 654 est
447 625 504 654 illa
521 624 604 654 meis
621 623 761 654 multum
779 628 914 654 cantata
930 623 1052 653 libellis
1100 623 1162 661 IX,
1179 635 1231 663 49.

266 668 364 698 Haec
383 673 435 698 est
453 668 508 698 illa
525 667 583 697 tibi
602 667 766 706 promissa
782 667 984 706 Theophila,
1004 666 1087 697 Cani
1134 667 1212 701 VH,
1231 669 1282 706 69.

265 711 363 743 Haec
379 712 462 742 mihi
479 722 565 750 quae
583 711 704 741 colitur
719 711 814 741 violis
832 711 965 750 pictura
982 711 1135 750 rosisque
1182 711 1226 749 X,
1243 721 1296 749 32.

266 755 362 786 Haec
379 766 467 795 quae
484 755 622 794 pulvere
640 754 801 794 dissipata
818 754 923 785 multo
969 753 996 793 Ι,
1013 755 1065 785 82.

266 799 364 830 Haec
381 810 468 839 quae
485 804 555 830 tota
572 799 654 829 latet
670 799 862 837 tegiturque
879 803 912 829 et
931 808 1100 829 marmore
1117 804 1151 829 et
1167 809 1251 829 auro
1298 798 1361 836 IX,
1382 809 1433 829 20.

266 843 364 874 Haec
381 848 461 874 sunt
477 843 533 873 illa
550 842 616 873 mei
633 852 720 881 quae
736 841 875 872 cernitis
891 853 950 872 ora
966 842 1110 873 Camoni
1156 842 1219 880 IX,
1237 843 1289 881 76.

266 887 364 917 Haec
380 887 449 921 tibi,
470 897 537 917 non
557 886 631 923 alia,
650 890 702 916 est
717 886 757 915 ad
775 896 894 916 cenam
911 896 1013 916 causa
1027 886 1174 917 vocandi
1221 886 1283 924 ΙΙΙ,
1302 896 1354 925 5ο.

267 930 366 961 Haec
382 931 441 961 tibi
459 941 520 969 pro
537 935 618 960 nato
636 929 737 969 plena
755 930 811 960 dat
827 930 938 960 laetus
956 940 1075 961 acerra
1121 929 1180 968 IV,
1199 940 1252 969 45.

268 974 427 1005 Haedina
445 974 502 1004 tibi
520 974 608 1014 pelle
625 974 823 1012 contegenti
868 973 949 1009 XII,
965 984 1015 1013 45.

267 1018 368 1049 Hanc
386 1019 456 1049 tibi.
476 1019 603 1049 Fronto
620 1022 729 1057 pater.
749 1018 906 1056 genetrix
926 1017 1092 1050 Flaccilla,
1113 1017 1259 1057 puellam
1306 1018 1347 1054 V,
1367 1027 1418 1056 34.

268 1062 368 1093 Hanc
385 1063 443 1092 tibi
463 1062 674 1101 Sequanicae
690 1061 850 1100 pinguem
868 1062 1022 1092 textricis
1037 1062 1208 1092 alumnam
1256 1060 1313 1100 IV,
1336 1071 1384 1100 19.

268 1106 341 1136 Has
358 1116 432 1136 cum
450 1106 586 1145 gemina
600 1105 766 1145 compede
784 1105 918 1135 dedicat
935 1110 1073 1136 catenas
1120 1105 1181 1143 ΙΙΙ,
1200 1116 1254 1144 29.

269 1149 378 1183 Have.
399 1150 443 1179 mi
461 1149 599 1183 Torani,
619 1150 724 1180 frater
740 1149 914 1179 carissime
963 1148 1025 1186 IX,
1039 1149 1142 1189 praef.

269 1193 463 1224 Herbarum
480 1193 593 1223 fueras
613 1193 760 1227 indutus,
780 1192 896 1229 Basse,
918 1193 1052 1223 colores
1099 1193 1139 1231 V,
1158 1203 1211 1231 23.

269 1237 430 1268 Herculis
446 1238 479 1267 in
499 1237 610 1276 magni
625 1238 737 1267 voltus
757 1237 965 1266 descendere
983 1237 1111 1267 Caesar
1157 1236 1217 1273 IX,
1237 1237 1289 1275 64.

269 1281 444 1311 Heredem
462 1291 537 1311 cum
556 1291 608 1310 me
626 1281 732 1320 partis
747 1280 818 1318 tibi,
837 1280 988 1317 Garrice,
1007 1286 1147 1319 quartae
1193 1279 1255 1316 IX,
1273 1281 1327 1319 48.

270 1325 445 1355 Heredem
464 1325 584 1355 Fabius
601 1324 786 1355 Labienum
805 1335 848 1354 ex
865 1333 941 1354 asse
959 1324 1093 1363 reliquit
1138 1323 1217 1362 VII,
1236 1325 1290 1355 66.

269 1369 444 1399 Heredem
463 1370 521 1398 tibi
538 1379 602 1406 mey
623 1368 765 1406 Catulle,
785 1368 868 1398 dicis
913 1367 992 1405 XII,
1009 1378 1062 1407 73.

271 1413 441 1449 Heredes,
459 1412 564 1442 nolite
581 1412 718 1442 brevem
737 1411 884 1451 sepelire
902 1412 1059 1442 colonum
1105 1410 1169 1449 XI,
1191 1420 1241 1450 14.

271 1457 419 1486 Hermes
437 1456 559 1486 Martia
574 1457 699 1487 saeculi
716 1456 871 1495 voluptas
916 1455 958 1492 V,
976 1466 1028 1494 24,

271 1500 514 1539 Hermogenes
530 1505 646 1531 tantus
663 1509 872 1538 mapparum,
893 1498 1108 1537 †Castrice†,
1123 1498 1177 1529 sur
1194 1504 1245 1529 est
1291 1497 1372 1536 XII,
1391 1498 1443 1528 28.

271 1543 443 1574 Hesterna
460 1545 519 1574 tibi
538 1549 638 1574 nocte
654 1544 849 1574 dixeramus
895 1542 921 1580 Ι,
940 1553 992 1581 27.

270 1587 445 1618 Hesterno
462 1588 569 1618 fetere
587 1597 679 1618 mero
697 1587 752 1626 qui
769 1586 876 1617 credit
892 1586 1055 1617 Acerram
1095 1586 1123 1619 I.
1140 1587 1193 1618 28.

269 1634 275 1647 ‘
291 1631 513 1662 Hexametris
529 1631 738 1670 epigramma
751 1631 833 1661 sacis
847 1629 855 1642 ⁹
872 1631 944 1660 scio
963 1631 1076 1661 dicere
1092 1631 1239 1662 Tuccam
1285 1628 1344 1667 VI,
1362 1630 1415 1668 65.

272 1675 426 1705 Hiberna
441 1676 595 1714 quamvis
611 1675 734 1705 Arctos
751 1680 784 1705 et
802 1674 894 1704 rudis
912 1674 1023 1704 Peuce
1067 1674 1145 1713 VII,
1165 1685 1194 1713 7.

272 1718 445 1749 Hibernos
463 1723 619 1758 peterent
635 1719 737 1749 solito
754 1728 828 1749 cum
847 1728 940 1748 more
957 1728 1114 1748 recessus
1159 1718 1200 1754 V,
1217 1718 1269 1756 67.

270 1762 338 1793 Hic
357 1768 409 1793 est
427 1763 619 1802 pampineis
635 1762 751 1792 viridis
769 1763 868 1792 modo
884 1761 1029 1792 Vesbius
1047 1762 1174 1792 umbris
1220 1761 1278 1800 IV,
1297 1772 1348 1800 44.

271 1805 338 1836 Hic
357 1812 408 1837 est
424 1817 523 1846 quem
540 1806 626 1845 legis
642 1806 710 1843 ille,
729 1816 828 1844 quem
849 1804 994 1844 requiris
1039 1804 1066 1842 I,
1089 1815 1113 1836 1.

271 1849 339 1880 Hic
356 1850 515 1881 festinata
533 1851 716 1889 requiescit
733 1849 873 1879 Erotion
892 1849 1010 1879 umbra
1056 1848 1099 1886 X,
1118 1851 1170 1881 61.

271 1893 337 1923 Hic
356 1895 443 1925 iacet
460 1894 517 1924 ille
534 1904 643 1924 senex
660 1893 817 1932 Augusta
836 1897 936 1923 notus
952 1894 986 1922 in
1003 1892 1080 1923 aula
1126 1892 1203 1931 VII,
1221 1903 1276 1931 40.

272 1936 340 1968 Hic
358 1949 458 1977 quem
475 1938 600 1968 videtis
616 1938 789 1976 gressibus
806 1937 900 1975 vagis
916 1937 1044 1966 lentum
1091 1935 1136 1969 ΙΙ,
1155 1946 1207 1976 57.

272 1981 340 2011 Hic
357 1982 413 2021 qui
432 1982 514 2012 dura
532 1983 657 2012 sedens
675 1986 832 2020 porrecto
851 1991 934 2010 saxa
951 1981 1050 2011 leone
1097 1979 1158 2018 IX,
1176 1990 1228 2018 43.

272 2025 340 2055 Hic
361 2026 416 2064 qui
434 2025 557 2055 libellis
574 2035 795 2064 praegravem
813 2025 899 2063 gerit
915 2025 1044 2054 laevam
1088 2023 1130 2060 V,
1149 2033 1199 2062 51.

272 2067 339 2098 Hic
356 2069 410 2099 ubi
428 2069 599 2099 Fortunae
617 2069 768 2099 Reducis
785 2068 952 2107 fulgentia
969 2068 1037 2097 late
1080 2066 1176 2105 VIII,
1197 2068 1250 2106 65.

272 2112 339 2143 Hic
356 2113 412 2143 ubi
429 2113 585 2143 sidereus
601 2113 742 2152 propius
760 2113 852 2143 videt
868 2117 960 2142 astra
977 2112 1131 2142 colossus
1168 2110 1231 2151 Ep.
1248 2120 1279 2141 2.

273 2155 351 2187 Hoc
368 2167 472 2195 agere
491 2162 542 2187 est
556 2166 685 2194 causas,
705 2156 768 2186 hoc
787 2156 913 2194 dicere,
934 2155 1056 2191 Cinna,
1074 2155 1202 2185 diserte
1246 2152 1340 2192 VIII,
1363 2162 1392 2191 7.

272 2199 362 2238 Hoc,
383 2200 542 2238 Fortuna⁷
560 2201 619 2230 tibi
634 2200 770 2230 videtur
786 2201 952 2238 aequum?
999 2199 1043 2238 X,
1064 2199 1114 2237 76.

273 2243 350 2274 Hoc
368 2245 455 2274 iacet
473 2245 507 2274 in
525 2243 652 2274 tumulo
669 2248 786 2282 raptus
803 2243 989 2282 puerilibus
1007 2243 1107 2272 annis
1150 2240 1209 2281 VI,
1227 2250 1280 2280 52.

275 2287 350 2318 Hoc
368 2297 489 2318 nemus
506 2291 648 2318 aeterno
666 2288 816 2317 cinerum
833 2287 979 2317 sacravit
997 2286 1121 2316 honori
1167 2284 1193 2324 Ι,
1217 2285 1289 2315 116.

274 2330 353 2362 Hoc
370 2341 499 2369 nemus,
520 2332 553 2361 hi
571 2331 693 2369 fontes,
713 2331 797 2360 haec
815 2331 944 2360 textilis
960 2330 1077 2360 umbra
1096 2329 1210 2368 supini
1256 2326 1335 2366 XII,
1353 2336 1406 2365 31.

274 2373 352 2405 Hoc
370 2375 441 2413 tibi,
461 2375 631 2405 Palladiae
648 2385 708 2405 seu
725 2374 865 2404 collibus
883 2374 990 2404 uteris
1004 2372 1112 2404 Albae
1156 2372 1196 2410 V,
1219 2381 1244 2402 1.

273 2417 352 2448 Hoc
369 2419 429 2448 tibi
448 2419 610 2457 quidquid
628 2418 661 2448 id
679 2423 731 2448 est
747 2418 945 2456 longinquis
962 2417 1063 2447 mittit
1079 2417 1120 2446 ab
1136 2417 1207 2447 oris
1252 2414 1314 2454 ΙΙΙ,
1334 2424 1361 2445 1.

272 2461 388 2492 Horas
405 2463 555 2502 quinque
575 2472 659 2502 puer
674 2462 824 2492 nondum
839 2461 899 2492 tibi
917 2461 1051 2492 nuntiat
1069 2465 1103 2491 et
1118 2465 1153 2491 tu
1198 2458 1292 2498 VIII,
1311 2460 1364 2498 67.

1639 2579 1648 2619 aa..
1641 2542 1648 2572 ΛΑ
1641 2487 1648 2532 --a
1642 2464 1648 2473 Α
1643 2437 1648 2456 m
