1648 2729
730 131 1199 170 EPIGRAMMATON
1232 133 1335 170 LIB.
1369 133 1434 170 ΙΙΙ

103 251 326 294 sonantque
356 251 477 282 turres
505 242 709 293 plausibus
738 242 1024 289 columbarum,

103 309 224 359 gemit
253 309 346 347 hinc
375 309 597 359 palumbus,
629 308 724 346 inde
753 321 889 347 cereus
919 316 1054 346 turtur.

102 374 208 414 avidi
236 382 423 413 secuntur
450 373 588 412 vilicae
617 373 748 412 sinum
778 373 887 423 porci
1398 391 1437 412 20

104 447 348 489 matremque
376 440 536 489 plenam
565 438 694 477 mollis
722 452 847 488 agnus
876 446 1066 489 expectat.

104 504 267 555 cingunt
296 517 479 543 serenum
509 503 624 542 lactei
653 505 786 542 focum
816 518 959 542 vernae

103 577 142 607 et
171 571 276 619 larga
304 570 424 607 festos
454 570 558 607 lucet
587 570 637 607 ad
667 570 766 607 lares
796 568 902 607 silva.

104 647 185 673 non
215 633 344 684 segnis
373 634 465 672 albo
494 635 613 684 pallet
643 633 725 673 otio
755 647 894 684 caupo,

104 712 177 737 nec
206 698 335 749 perdit
365 700 498 737 oleum
528 698 702 737 lubricus
732 699 966 749 palaestrita,
1398 715 1435 746 25

103 765 174 803 sed
203 764 330 802 tendit
358 764 482 802 avidis
512 772 593 802 rete
623 765 837 803 subdolum
867 764 991 803 turdis

103 831 318 868 tremulave
347 837 507 879 captum
537 829 641 868 linea
669 829 786 868 trahit
814 830 964 880 piscem

102 902 169 933 aut
197 894 416 944 inpeditam
445 894 621 933 cassibus
650 896 765 933 refert
793 896 1007 933 dammam.

103 968 257 999 exercet
287 959 428 998 hilares
457 959 581 998 facilis
611 961 748 998 hortus
779 960 963 1007 urbanos,

103 1033 142 1064 et
170 1026 402 1076 paedagogo
431 1038 513 1063 non
542 1024 704 1063 iubente
733 1024 867 1063 lascivi
1400 1041 1439 1071 ,³20

103 1104 238 1141 parere
265 1091 440 1140 gaudent
468 1090 585 1129 vilico
613 1089 796 1141 capillati,

103 1163 142 1194 et
170 1156 362 1194 delicatus
391 1169 510 1206 opere
538 1155 676 1193 fruitur
704 1156 922 1194 eunuchus.

104 1234 177 1260 nec
206 1220 313 1259 venit
342 1220 468 1259 inanis
498 1220 665 1259 rusticus
695 1222 906 1259 salutator:

103 1288 175 1325 fert
203 1286 268 1325 ille
297 1286 396 1324 ceris
424 1299 524 1324 cana
552 1299 643 1324 cum
673 1285 753 1324 suis
782 1287 900 1324 mella

104 1359 332 1402 metamque
362 1351 472 1390 lactis
503 1351 701 1390 Sassinate
731 1352 781 1390 de
811 1351 907 1389 silva
924 1365 934 1399 ;
1397 1368 1437 1398 35

104 1416 393 1456 somniculosos
423 1416 487 1455 ille
516 1416 678 1467 porrigit
705 1416 831 1466 glires,

104 1482 168 1521 hic
197 1482 419 1532 vagientem
450 1481 584 1520 matris
614 1481 794 1532 hispidae
823 1483 958 1528 fetum,

103 1547 202 1586 alius
232 1555 392 1586 coactos
422 1560 503 1586 non
532 1560 664 1585 amare
693 1560 877 1597 capones.

104 1620 143 1651 et
172 1614 279 1652 dona
308 1620 477 1650 matrum
506 1612 653 1650 vimine
683 1613 852 1651 offerunt
880 1619 988 1650 texto

104 1679 271 1728 grandes
300 1678 515 1728 proborum
544 1676 712 1727 virgines
741 1679 987 1715 colonorum.
1399 1694 1441 1724 40

105 1745 209 1782 facto
238 1750 401 1782 vocatur
428 1744 553 1781 laetus
583 1755 701 1793 opere
730 1742 910 1790 vicinus,-

107 1822 180 1847 nec
208 1821 324 1846 avara
353 1815 478 1846 servat
508 1807 696 1846 crastinas
726 1808 848 1857 dapes
878 1820 1026 1853 mensa,

106 1881 318 1913 vescuntur
346 1886 485 1911 omnes
515 1872 706 1923 ebrioque
734 1886 816 1911 non
845 1871 955 1911 novit

106 1947 212 1978 satur
240 1938 418 1977 minister
446 1938 622 1976 invidere
651 1937 852 1976 convivae.

154 2045 192 2074 18
216 2043 448 2074 columnarum
469 2042 611 2084 (-mpn-)
636 2041 692 2072 BA
868 2051 907 2071 21
934 2051 1068 2080 angnus
1095 2040 1141 2071 CA
1165 2044 1203 2071 ut
1226 2041 1288 2072 vid.
1317 2043 1439 2080 (agnus

106 2087 215 2127 EAG,
234 2098 343 2118 annus
366 2086 411 2125 X,
436 2097 522 2117 anus
545 2086 584 2126 B,
612 2086 709 2116 anius
734 2085 775 2125 C)
975 2095 1016 2115 22
1040 2094 1201 2115 sesenum
1221 2084 1269 2115 CA
1290 2085 1320 2125 <s
1332 2090 1393 2124 pro
1410 2089 1440 2124 r)

50 2134 53 2135 ⁷
108 2142 148 2170 23
166 2132 235 2161 lare
251 2131 336 2161 silua
355 2131 403 2162 CA
419 2134 457 2161 ut
471 2130 534 2161 vid.
551 2130 654 2170 (unde
668 2130 754 2160 festo
772 2155 778 2161 .
799 2153 806 2161 .
825 2152 832 2159 .
851 2128 921 2159 lare
938 2139 964 2159 s.
985 2128 1137 2168 EABGl,
1158 2128 1262 2159 festos
1276 2153 1282 2159 .
1300 2152 1308 2159 .
1329 2152 1336 2159 .
1351 2129 1440 2160 lares

107 2186 133 2205 s.
153 2173 279 2214 XCG2)
401 2185 442 2212 24
467 2174 567 2204 carbo
584 2174 661 2204 BA:
685 2183 771 2212 capo
791 2172 839 2203 CA
857 2172 928 2211 (sed
941 2182 1049 2211 caupo
1065 2171 1110 2210 Β)
1233 2173 1275 2201 26
1299 2172 1440 2203 subdole

107 2217 182 2249 BA:
215 2218 394 2249 subdolum
423 2218 493 2249 CA'
738 2227 780 2256 29
804 2216 954 2247 urbanus
979 2216 1027 2247 CA
1050 2219 1088 2246 ut
1108 2214 1172 2245 vid.
1201 2215 1271 2255 (scd
1293 2226 1369 2246 -nos
1385 2215 1438 2256 X)

108 2271 149 2300 32
175 2262 336 2292 delicatos
354 2261 401 2292 CA
419 2265 457 2292 ut
472 2261 535 2292 vid.
642 2271 684 2300 35
710 2259 914 2296 Sassinatis;
950 2270 969 2290 e
985 2259 1071 2290 silua
1088 2258 1182 2298 Rooy
1293 2269 1334 2297 37
1360 2260 1439 2289 hinc

108 2305 163 2334 ΒΑ
251 2307 293 2344 38
316 2305 399 2336 alios
418 2305 466 2336 CA
569 2315 612 2344 39
637 2310 671 2335 et
686 2315 706 2334 a
721 2315 764 2336 m.
786 2304 834 2335 CA
847 2304 928 2344 (pro
945 2308 978 2333 et
995 2304 1038 2333 da
1051 2313 1105 2342 m.‚
1119 2303 1138 2332 i.
1153 2313 1177 2333 e.
1200 2307 1234 2333 et
1251 2303 1340 2333 dona
1358 2313 1398 2333 m.
1413 2305 1440 2341 Ζ)

109 2348 237 2379 uimine
252 2350 399 2379 offerunt
414 2349 592 2380 Heinsius:
616 2349 762 2379 uimineo
778 2347 892 2378 ferunt
909 2346 997 2377 codd.
1160 2357 1202 2384 42
1226 2351 1344 2377 seruat
1364 2346 1419 2376 BA
1433 2359 1438 2377 :

108 2396 219 2422 struas
237 2392 284 2423 CA
302 2397 377 2434 (pro
392 2392 523 2432 servas)
545 2392 588 2432 (T
600 2397 662 2432 pro
679 2392 719 2434 E)
890 2401 932 2430 44
955 2390 1045 2421 satus
1065 2389 1113 2420 CA
1132 2390 1233 2432 (fpro
1243 2400 1270 2431 s,
1284 2400 1300 2421 s
1313 2395 1375 2430 pro
1386 2392 1415 2431 r)
1434 2403 1441 2421 :

109 2435 215 2466 fartus
226 2435 302 2468 Ital.
393 2436 539 2467 ministri
558 2436 605 2467 CA
