1648 2729
465 502 533 549 M.
585 499 745 548 VAL.
798 498 1209 547 MARTIALIS

533 617 1144 667 EPIGRAMMATON

678 739 849 776 LIBER
888 738 995 775 vm

214 862 482 898 IMPERATom
507 862 759 898 DOMITIANO
781 860 965 899 CAESAm
988 861 1185 899 AVGVSTo
1207 861 1469 899 GERMANICO

481 927 645 964 DAC1co
665 927 882 963 VALERws
905 926 1147 964 MARTIALIS
1167 927 1204 964 S.

226 1014 380 1053 OMNES
415 1013 577 1064 quidem
611 1012 733 1052 libelli
767 1012 854 1060 mei,
888 1013 1062 1060 domine,
1095 1013 1238 1063 quibus
1278 1021 1319 1052 tu
1349 1015 1507 1061 famam,

170 1079 211 1117 id
237 1087 296 1118 est
316 1079 447 1127 vitam,
471 1078 628 1127 dedisti,
650 1078 722 1118 tibi
749 1078 974 1129 supplicant
988 1093 999 1127 ,·
1028 1087 1076 1126 et,
1106 1086 1217 1129 puto,
1243 1087 1403 1130 propter
1432 1081 1509 1118 hoc

171 1147 358 1196 legentur.
420 1145 501 1184 Hic
522 1153 667 1192 tamen,
690 1144 757 1195 qui
782 1144 911 1195 operis
938 1144 1060 1183 nostri
1082 1152 1244 1184 octavus
1271 1145 1506 1192 inscribitur,

170 1210 380 1249 occasione
400 1210 557 1262 pietatis
577 1210 820 1261 frequentius
841 1209 988 1248 fruitur.
1040 1210 1177 1249 Minus
1197 1210 1330 1261 itaque
1351 1210 1509 1261 ingenio

168 1277 432 1315 laborandum
453 1276 536 1324 fuit,
559 1276 598 1314 in
621 1275 731 1314 cuius
758 1277 891 1314 locum
913 1275 1075 1314 materia
1095 1284 1359 1315 successerat:
1390 1290 1509 1327 quam

171 1341 331 1392 quidem
355 1341 525 1380 subinde
537 1341 669 1392 aliqua
686 1341 864 1380 iocorum
878 1341 1045 1380 mixtura
1057 1341 1204 1381 variare
1217 1341 1508 1393 temptavimus,

170 1422 220 1446 ne
241 1408 400 1447 caelesti
412 1407 674 1447 verecundiae
695 1414 785 1446 tuae
805 1408 942 1446 laudes
964 1421 1064 1455 suaS,
1081 1421 1182 1458 quae
1202 1407 1354 1446 facilius
1375 1416 1413 1446 te
1429 1407 1512 1446 fati-

170 1487 260 1524 gare
299 1473 452 1525 possint
497 1487 617 1524 quam
656 1487 729 1512 nos
768 1472 920 1520 satiare,
961 1473 1092 1512 omnis
1130 1487 1264 1512 versus
1304 1473 1506 1524 ingereret.

171 1538 364 1588 Quamvis
411 1546 544 1577 autem
593 1537 876 1588 epigrammata
917 1551 940 1576 a
979 1538 1234 1577 severissimis
1273 1552 1434 1588 quoque
1473 1546 1511 1577 et

171 1618 350 1644 summae
369 1606 550 1643 fortunae
569 1603 659 1642 viris
679 1604 733 1642 ita
752 1603 896 1654 scripta
915 1603 993 1642 sint
1016 1612 1059 1643 ut
1079 1604 1280 1643 mimicam
1301 1604 1511 1643 verborum

171 1670 372 1709 licentiam
392 1671 613 1708 adfectasse
632 1669 851 1716 videantur,
878 1682 952 1720 ego
981 1677 1115 1708 tamen
1145 1669 1219 1708 illis
1248 1683 1330 1708 non
1351 1668 1510 1720 permisi

172 1744 252 1774 tam
272 1735 416 1774 lascive
435 1734 546 1785 loqui
570 1748 689 1785 quam
717 1736 855 1774 solent.
916 1735 1021 1775 Cum
1048 1749 1137 1786 pars
1161 1734 1249 1774 libri
1270 1742 1308 1774 et
1329 1734 1454 1773 maior
1473 1742 1512 1773 et

173 1801 310 1840 melior
322 1803 373 1840 ad
389 1801 635 1840 maiestatem
651 1800 750 1839 sacri
766 1800 938 1840 nominis
959 1801 1016 1839 tui
1035 1800 1191 1851 alligata
1211 1800 1270 1849 sit,
1289 1800 1512 1839 meminerit
1535 1816 1547 1837 r

172 1880 254 1905 non
274 1866 349 1906 nisi
369 1867 550 1918 religiosa
576 1866 851 1917 purificatione
876 1868 1060 1905 lustratos
1081 1868 1271 1905 accedere
1291 1867 1343 1905 ad
1364 1868 1512 1916 templa

172 1933 329 1971 debere.
389 1933 512 1982 Quod
541 1941 584 1971 ut
613 1931 904 1971 custoditurum
934 1946 998 1971 me
1027 1931 1166 1971 lecturi
1195 1932 1332 1979 sciant,
1354 1931 1394 1970 in
1423 1931 1511 1981 ipso

171 1997 293 2036 libelli
313 1997 430 2036 huius
449 1997 586 2036 limine
606 1997 778 2048 profiteri
798 1997 1030 2037 brevissimo
1049 1997 1197 2049 placuit
1217 1997 1508 2048 epigrammate.

831 2093 849 2130 I

174 2163 405 2213 Laurigeros
435 2163 599 2210 domini,
631 2163 739 2210 liber,
771 2162 958 2202 intrature
986 2170 1150 2213 penates

227 2228 335 2267 disce
364 2230 591 2268 verecundo
621 2228 794 2268 sanctius
824 2242 891 2267 ore
919 2228 1039 2279 loqui.

218 2333 331 2364 Emsr.
358 2343 424 2364 om.
451 2333 508 2363 ΒΑ
644 2344 696 2371 12,
723 2343 761 2372 13
786 2333 918 2364 mimica
938 2343 968 2364 u.
989 2333 1128 2364 licentia
1144 2333 1210 2365 cod.
1232 2333 1313 2374 (-am
1329 2343 1358 2365 u.
1378 2343 1445 2364 -am
1465 2332 1509 2372 C)

177 2386 215 2415 15
240 2377 384 2417 allegata
400 2376 438 2407 X
584 2378 623 2408 16
646 2377 807 2409 lustratos
824 2377 869 2409 ed.
890 2388 918 2409 a.
939 2387 1020 2416 1471
1037 2389 1044 2408 :
1069 2377 1229 2408 lustratus
1246 2376 1310 2408 cod.
1471 2378 1511 2407 18

175 2421 313 2452 nomine
330 2421 394 2453 cod.
416 2420 488 2462 (sed
502 2421 618 2453 limine
636 2421 716 2463 XC)
1214 2421 1227 2452 1
1253 2420 1325 2452 lzab.
1346 2421 1379 2451 R

1533 1491 1572 1514 10
