1648 2729
388 569 456 617 M.
508 569 666 617 VAL.
715 567 1125 617 MARTIALIS

444 697 1056 746 EPIGRAMMATON

610 827 783 864 LIBER
822 827 906 864 XII

246 921 460 958 VALERn's
492 921 734 957 MARTIALIS
766 920 920 957 Pmsco
951 930 1027 957 svo
1056 920 1266 957 SALVTEM.

138 1015 236 1052 SCIO
274 1026 338 1052 me
376 1011 639 1063 patrocinium
678 1012 824 1050 debere
869 1011 1240 1050 contumacissimae
1280 1010 1421 1049 trienni

84 1078 260 1118 desidiae
275 1093 284 1126 3
314 1091 395 1128 quo
422 1078 667 1116 absolvenda
696 1090 777 1115 non
804 1084 911 1115 esset
940 1076 1041 1115 inter
1069 1076 1153 1115 illas
1174 1089 1335 1126 quoque
1365 1089 1422 1113 ur-

84 1143 193 1183 bicas
220 1142 514 1194 occupationes,
538 1142 682 1192 quibus
708 1141 860 1180 facilius
890 1141 1170 1191 consequimur
1197 1148 1239 1179 ut
1266 1140 1421 1179 molesti

85 1209 215 1259 potius
249 1222 369 1259 quam
413 1215 455 1246 ut
489 1207 654 1246 officiosi
693 1221 778 1246 esse
812 1207 1016 1246 videamur
1029 1221 1039 1255 3
1079 1208 1229 1245 nedum
1267 1206 1308 1244 in
1347 1207 1420 1244 hac

84 1274 314 1325 provinciali
329 1273 553 1321 solitudine,
569 1273 638 1312 ubi
654 1272 729 1311 nisi
745 1272 863 1311 etiam
879 1272 1186 1323 intemperanter
1201 1273 1418 1319 studemus,
1440 1289 1456 1320 5

84 1347 123 1379 et
143 1340 227 1379 sine
248 1339 395 1379 solacio
416 1347 454 1378 et
475 1338 559 1377 sine
580 1338 833 1377 excusatione
854 1338 1099 1377 secessimus.
1159 1337 1309 1387 Accipe
1329 1351 1421 1387 ergo

85 1405 289 1444 rationem.
362 1407 410 1443 In
445 1418 523 1455 qua
557 1405 634 1442 hoc
669 1403 882 1442 maximum
924 1411 962 1442 et
1002 1403 1173 1454 primum
1212 1410 1281 1450 est,
1313 1403 1423 1453 quod

84 1470 251 1510 civitatis
285 1483 397 1509 aures
428 1469 572 1520 quibus
606 1469 864 1507 adsueveram
899 1481 1056 1518 quaero,
1089 1476 1127 1506 et
1156 1467 1293 1506 videor
1326 1466 1423 1505 mih-i

85 1537 125 1575 in
158 1536 289 1575 alieno
318 1537 402 1574 foro
431 1534 580 1584 litigare
595 1549 605 1582 3
653 1533 684 1572 si
714 1533 810 1584 quid
841 1540 900 1572 e-st
933 1533 1040 1572 enim
1071 1534 1182 1583 quod
1211 1532 1250 1570 in
1281 1531 1422 1572 libellis

86 1602 184 1641 meis
222 1603 386 1652 placeat,
426 1599 588 1639 dictavit
625 1599 807 1638 auditor:
854 1598 962 1637 illam
1000 1598 1236 1637 iudiciorum
1275 1597 1423 1636 subtili-
1445 1611 1484 1632 10

85 1675 218 1716 tatem,
258 1666 356 1705 illud
369 1662 648 1704 ‘materiarum
686 1664 901 1715 ingenium,
943 1664 1216 1711 bibliothecas,
1258 1665 1419 1709 theatra,

85 1733 301 1779 convictus,
323 1731 364 1770 in
390 1731 534 1782 quibus
555 1731 713 1769 studere
741 1743 783 1769 se
809 1731 1031 1779 voluptates
1058 1743 1139 1767 non
1164 1728 1349 1776 sentiunt,
1372 1729 1423 1766 ad

86 1811 283 1837 summam
317 1796 497 1835 omnium
537 1795 601 1834 illa
633 1809 735 1846 quae
769 1794 927 1834 delicati
966 1794 1195 1844 reliquimus
1230 1793 1424 1832 desidera-

87 1877 174 1902 mus
195 1862 307 1914 quasi
333 1861 521 1901 destituti,
580 1860 749 1899 Accedit
769 1860 830 1898 his
851 1859 1151 1910 municipalium
1172 1859 1310 1909 robigo
1330 1860 1424 1897 den-

86 1929 185 1968 tium
215 1935 254 1967 et
281 1927 404 1966 iudici
433 1928 522 1965 loco
552 1925 660 1974 livor,
687 1933 726 1965 et
745 1939 847 1964 unus
876 1933 944 1964 aut
973 1926 1069 1963 alter
1092 1924 1195 1971 mali,
1218 1924 1259 1963 in
1279 1923 1423 1974 pusillo
1447 1941 1482 1972 15

86 1996 176 2033 loco
193 1993 305 2032 multi
319 2008 329 2041 ;
358 1994 545 2031 adversus
563 1992 672 2041 quod
689 1990 847 2030 difficile
868 1998 926 2029 est
947 1991 1093 2029 habere
1108 1989 1255 2028 cotidie
1270 1990 1422 2028 bonum

87 2060 363 2099 stomachum:
402 2072 452 2096 ne
482 2057 632 2096 mireris
662 2056 777 2107 igitur
805 2055 962 2095 abiecta
987 2056 1039 2094 ab
1060 2055 1293 2106 indignante
1323 2068 1425 2104 quae

86 2140 110 2164 a
143 2124 334 2176 gestiente
365 2123 448 2162 fieri
483 2123 675 2161 solebant.
735 2124 798 2161 Ne
829 2121 928 2172 quid
963 2129 1096 2159 tamen
1127 2128 1166 2159 et
1196 2119 1425 2159 advenienti

130 2230 235 2270 Epist.
281 2240 300 2259 2
325 2238 393 2268 quo
421 2226 494 2258 CA’:
532 2237 597 2258 om.
633 2225 690 2256 BA
824 2237 844 2264 4
870 2230 906 2256 ut
934 2225 1011 2256 BA:
1043 2235 1110 2256 om.
1143 2225 1192 2255 CA
1281 2225 1423 2267 nedum]

88 2275 167 2305 dum
183 2273 233 2304 CA
364 2281 384 2311 5
407 2270 636 2302 sollicitudine
651 2268 707 2300 ΒΑ
833 2280 854 2308 9
878 2269 1031 2308 litigasse
1047 2268 1111 2307 ΡΩ
1233 2279 1272 2299 10
1294 2269 1426 2308 suptili-

88 2322 190 2348 tatem
210 2316 260 2347 ΕΑ
420 2325 458 2345 12
483 2318 675 2345 conuentus
690 2312 754 2352 ΡΩ
822 2313 854 2343 in
873 2312 1011 2353 quibus]
1031 2312 1186 2342 omnibus
1205 2312 1253 2343 CA
1332 2312 1424 2342 volu-

89 2366 201 2401 ptates
219 2359 294 2390 Ital.
311 2371 318 2390 ε
352 2358 582 2398 uoluptatibus
601 2357 654 2387 ΒΑ
672 2369 680 2388 :
719 2357 874 2397 uolunigrn
896 2361 984 2387 tates
1011 2355 1060 2386 CA
1084 2358 1166 2396 (pro
1182 2356 1425 2395 volumptates)

94 2416 132 2444 13
156 2403 292 2435 delicati
309 2402 386 2433 BA:
413 2402 557 2433 delicate
577 2401 627 2432 CA
698 2401 746 2431 rel
763 2424 771 2431 .
793 2425 800 2432 .
819 2424 826 2431 .
848 2401 933 2431 dest.
954 2410 1019 2430 om.
1039 2399 1094 2429 ΒΑ
1113 2404 1265 2440 (propter
1276 2400 1426 2438 homoeo:

90 2448 139 2480 tcl.
158 2448 214 2488 —ti)
364 2455 402 2485 15
426 2445 546 2476 iudicis
567 2444 623 2475 ΒΑ
639 2456 646 2476 :
669 2444 782 2475 iudicii
809 2444 858 2475 CA
948 2443 1043 2484 mali]
1062 2443 1117 2473 alii
1134 2442 1190 2472 ΒΑ
