1648 2729
146 146 202 182 M.
233 144 357 181 VAL.
390 142 705 181 MARTIALIS

144 254 208 292 hic
237 254 408 304 scyphus
438 260 496 291 est
525 252 565 291 in
595 266 675 302 quo
706 251 860 290 misceri
889 251 1001 290 iussit
1029 251 1167 290 amicis

196 319 338 370 largius
368 318 562 357 Aeacides
590 317 838 367 vividiusque
867 331 1030 356 merum.

144 387 217 423 hac
246 383 469 435 propinavit
499 383 625 422 Bitiae
654 382 918 433 pulcherrima
948 382 1055 421 Dido

197 449 237 487 in
266 457 409 500 patera,
443 448 611 499 Phrygio
640 462 731 487 cum
761 449 853 486 data
882 461 981 487 cena
1009 447 1091 486 viro
1126 448 1208 485 est.’

146 514 312 553 Miratus
341 513 458 552 fueris
488 527 579 552 curn
609 513 736 563 prisca
765 520 985 551 toreumata
1014 513 1193 559 multum,

198 579 237 617 in
268 578 412 617 Priami
442 578 605 617 calathis
634 580 874 628 Astyanacta
903 577 1026 616 bibes.

663 661 747 698 VII

146 735 238 771 Hoc
267 746 380 782 agere
410 740 468 771 est
499 745 646 779 causas,
679 733 756 770 hoc
785 731 926 779 dicere,
960 731 1100 778 Cinna,
1133 730 1286 778 diserte,

198 798 314 845 horis,
347 797 486 845 Cinna,
519 799 659 836 decem
689 796 821 835 dicere
849 797 969 835 verba
997 798 1174 835 novem?

145 865 214 902 sed
244 865 366 902 modo
395 864 619 913 clepsydras
647 861 797 912 ingenti
825 875 923 901 voce
952 861 1084 912 petisti

199 936 393 978 quattuor.
453 929 489 967 O
519 935 724 978 quantum,
758 927 898 974 Cinna,
929 934 1058 965 tacere
1087 928 1223 977 potes!

655 1016 761 1053 VIII

147 1087 388 1138 Principium
419 1088 499 1134 deS,
533 1088 640 1134 Iane,
673 1086 764 1124 licet
792 1085 995 1124 velocibus
1029 1085 1142 1123 annis

199 1161 238 1191 et
266 1166 430 1191 renoves
459 1153 568 1191 voltu
597 1153 754 1190 saecula
781 1153 899 1201 longa
928 1158 1011 1198 tuo,

146 1226 183 1255 te
213 1217 383 1268 primum
414 1217 479 1267 pia
507 1224 593 1255 tura
621 1223 769 1266 rogent,
802 1223 840 1254 te
868 1223 960 1254 vota
989 1216 1170 1262 salutent,

199 1296 370 1333 purpura
399 1290 436 1321 te
464 1282 566 1329 felix,
598 1289 636 1320 te
665 1283 768 1320 colat
797 1280 926 1320 omnis
955 1282 1110 1319 honos:

146 1357 187 1386 tu
218 1356 350 1387 tamen
379 1349 456 1386 hoc
486 1347 621 1394 mavis,
653 1346 789 1385 Latiae
819 1348 928 1396 quod
957 1345 1122 1396 contigit
1154 1345 1241 1384 urbi

200 1427 335 1452 mense
365 1420 433 1451 tuo
461 1414 661 1461 reducem,
695 1413 802 1459 Iane,
833 1411 966 1450 videre
995 1412 1126 1449 deum.

676 1502 735 1538 IX

147 1574 304 1611 Solvere
334 1573 570 1610 dodrantem
600 1584 725 1621 nuper
754 1570 836 1618 tibi,
869 1570 1030 1620 Quinte,
1061 1569 1220 1608 volebat

198 1637 328 1688 lippus
359 1639 496 1687 HylaS,
527 1638 658 1675 luscus
688 1638 770 1674 vult
799 1637 892 1674 dare
921 1634 1143 1674 dimidium.

146 1702 282 1752 accipe
312 1716 431 1752 quam
461 1701 630 1752 primum
647 1716 656 1749 3
691 1701 819 1740 brevis
849 1708 908 1739 est
937 1699 1095 1738 occasio
1124 1699 1244 1738 lucri:

200 1767 230 1805 si
260 1766 374 1805 fuerit
404 1780 555 1814 caecus,
587 1766 641 1804 nil
670 1765 742 1804 tibi
771 1767 895 1804 solvet
927 1766 1063 1815 Hylas.

684 1855 721 1891 X

149 1926 255 1964 Emit
285 1928 459 1964 lacernas
490 1924 647 1963 milibus
677 1926 818 1963 decem
850 1925 993 1962 Bassus

147 1991 283 2041 Tyrias
313 1991 455 2029 coloris
485 1990 634 2041 optimi.
696 1989 918 2028 Lucrifecit.

150 2058 290 2095 ‘Adeo
319 2057 422 2095 bene
452 2056 599 2095 emit?'
629 2054 771 2106 inquis.
824 2056 955 2093 Immo
985 2067 1065 2093 non
1096 2055 1231 2092 solvet.

195 2171 229 2191 11
256 2160 324 2201 est]
344 2165 378 2191 et
396 2160 444 2191 CA
602 2169 640 2189 12
664 2159 843 2199 uiuiusque
864 2159 910 2189 CA
1068 2167 1106 2196 13
1129 2157 1232 2188 uitiae
1252 2157 1297 2188 CA
1317 2157 1382 2199 (Le.
1402 2157 1477 2199 bit-)

151 2214 188 2243 15
214 2205 328 2244 pueris
343 2204 399 2234 ΒΑ
534 2205 573 2234 16
597 2203 730 2234 chalitis
748 2203 854 2245 (—1at-)
874 2202 923 2233 CA
1012 2202 1098 2232 biles
1118 2201 1167 2232 CA

191 2248 255 2278 VII
279 2248 352 2279 lzab.
375 2248 404 2278 T
487 2259 506 2286 4
530 2251 643 2287 potest
662 2247 709 2277 CA

190 2292 271 2322 VIII
299 2302 318 2331 3
342 2292 439 2322 turba
456 2296 552 2330 roget
570 2291 623 2321 ΒΑ
640 2302 647 2321 ι
671 2295 745 2321 tura
759 2294 882 2330 rogent
901 2289 949 2320 CA
1061 2299 1147 2319 uoce
1163 2289 1284 2319 salutet
1299 2288 1354 2319 BA
1369 2299 1375 2319 :
1401 2293 1479 2319 uota

150 2336 298 2366 salutent
317 2335 365 2366 CA
498 2345 517 2373 5
542 2334 632 2365 urbis
651 2334 697 2365 CA

195 2379 244 2409 IX
267 2379 338 2410 lzab.
358 2379 392 2409 R
479 2389 498 2408 2
522 2377 651 2419 luscus]
671 2378 777 2408 lucius
795 2377 843 2408 CA

194 2423 225 2452 X
254 2432 266 2452 1
294 2423 456 2454 militibus
475 2422 522 2452 CA
655 2432 674 2461 3
699 2422 798 2452 soluit
814 2421 867 2451 ΒΑ
887 2421 962 2462 (pro
979 2425 1025 2451 -et
1037 2419 1061 2461 ⁹)
1078 2431 1084 2451 :
1112 2419 1220 2450 soluet
1239 2419 1287 2450 CA
