1648 2729
767 123 1238 162 EPIGRAMMATON
1270 123 1372 161 LIB.
1406 124 1441 160 V

103 233 254 273 luxuria
283 241 352 283 est,
385 233 607 284 tumidique
636 241 781 273 vocant
810 235 909 274 haec
939 248 1102 273 munera
1131 248 1264 285 reges:

157 299 225 351 qui
255 307 390 350 crepet
418 301 600 339 aureolos
629 299 792 338 forsitan
822 313 925 339 unus
955 299 1036 339 erit.

103 373 299 417 quatenus
329 365 370 403 hi
399 379 481 404 non
510 372 613 413 sunt,
644 373 730 403 esto
760 373 813 413 tu,
846 366 1002 412 Caesar,
1033 364 1210 405 amicus:
1404 379 1441 411 ιε,

157 431 266 469 nulla
294 429 406 469 ducis
436 430 556 469 virtus
585 429 739 469 dulcior
768 443 854 468 esse
883 437 1023 480 potest.

105 498 192 535 Iam
222 497 378 535 dudum
408 495 529 534 tacito
558 495 673 543 rides,
707 495 956 543 Germanice,
988 509 1085 534 naso

158 561 253 601 utile
283 562 392 612 quod
422 560 538 601 nobis
568 562 621 600 do
651 560 723 599 tibi
752 560 974 600 consilium.

680 706 758 742 XX

213 791 253 832 Si
284 800 416 831 tecum
447 791 556 839 mihi,
588 805 676 831 care
708 791 912 839 Martialis,

212 857 359 897 securis
388 857 504 896 liceat
533 857 607 895 frui
637 857 790 905 diebus,

212 923 243 962 si
274 923 485 974 disponere
514 930 670 973 tempus
701 922 873 962 otiosum

212 996 251 1027 et
279 1002 394 1028 verae
422 987 565 1039 pariter
593 1001 732 1027 vacare
761 987 890 1026 vitae:

212 1067 286 1093 nec
315 1067 388 1092 nos
417 1053 515 1092 atria
544 1067 618 1092 nec
647 1055 792 1092 domos
822 1060 1031 1104 potentum
1426 1072 1444 1104 5

212 1133 287 1158 nec
315 1119 393 1158 litis
422 1118 578 1158 tetricas
608 1120 818 1169 forumque
847 1118 955 1157 triste

213 1198 421 1223 nossemus
452 1198 527 1223 nec
556 1184 748 1234 imagines
783 1184 972 1235 superbas
988 1198 999 1232 5

213 1251 284 1289 sed
313 1249 490 1300 gestatio,
523 1250 691 1297 fabulae,
723 1249 856 1297 libelli,

213 1329 388 1366 campus,
420 1315 608 1365 porticus,
637 1315 788 1362 umbra,
819 1315 952 1364 Virgo,
985 1316 1171 1361 thermae,

214 1383 312 1420 haec
342 1388 473 1419 essent
502 1382 590 1419 loca
619 1394 785 1431 semper,
817 1380 857 1418 hi
887 1381 1052 1419 labores.
1405 1397 1445 1420 10

213 1460 320 1484 nunc
349 1445 443 1484 vivit
470 1454 633 1485 necuter
661 1445 748 1493 sibi,
778 1446 987 1496 bonosque

214 1513 316 1550 soles
346 1513 516 1561 effugere
544 1518 664 1562 atque
692 1511 801 1550 abire
830 1511 959 1559 sentit,

214 1576 282 1627 qui
311 1576 427 1615 nobis
456 1584 623 1627 pereunt
652 1584 691 1615 et
719 1577 960 1628 inputantur.

215 1641 439 1693 Quisquam
468 1641 597 1681 vivere
626 1655 717 1681 cum
748 1642 856 1690 sciat,
888 1643 1090 1681 moratur?

621 1788 723 1826 XXI

109 1873 305 1923 Quintum
335 1887 407 1923 pro
438 1872 620 1922 Decimo,
652 1887 724 1924 pro
754 1874 909 1920 Crasso,
942 1875 1106 1923 Regule,
1141 1874 1325 1911 Macrum

160 1946 253 1977 ante
282 1939 477 1977 salutabat
505 1940 638 1977 rhetor
665 1939 944 1988 Apollodotus.

109 2005 216 2041 nunc
245 2010 458 2053 utrumque
487 2016 559 2041 suo
589 2004 774 2041 resalutat
803 2002 976 2041 nomine.
1037 2004 1244 2052 Quantum

163 2082 257 2107 cura
284 2068 477 2118 laborque
505 2071 660 2118 potest!
700 2067 863 2118 Scripsit
892 2075 930 2106 et
960 2067 1134 2107 edidicit.

153 2171 240 2202 XIX
267 2182 305 2211 13
321 2171 529 2212 ³tumideque
547 2174 583 2201 ut
598 2170 662 2202 vid.
683 2171 732 2202 CA
838 2171 930 2210 regis
954 2170 1008 2201 ΒΑ
1121 2172 1226 2211 17-18
1251 2181 1324 2203 nov.
1349 2172 1445 2212 engrr.

108 2215 216 2246 ΒΑΕΔ
361 2216 399 2245 18
423 2215 522 2245 nouis
540 2214 588 2246 CA
773 2214 842 2244 XX
866 2226 886 2253 4
911 2215 961 2245 vel
975 2225 1056 2245 uere
1149 2225 1185 2245 11
1213 2219 1355 2245 necuter
1371 2225 1398 2247 s.
1416 2216 1446 2246 b.

109 2258 351 2289 Schneidewin:
377 2263 501 2290 neuter
525 2258 587 2289 sibi
606 2258 784 2297 bonosque
805 2258 880 2290 BA:
904 2268 966 2288 nec
989 2263 1026 2288 ut
1044 2258 1118 2289 eius
1135 2259 1190 2289 ibo
1206 2259 1381 2298 bonosque
1400 2259 1448 2289 CA

110 2302 197 2333 XXI
221 2303 294 2334 hab.
321 2302 351 2333 T
470 2312 484 2332 1
511 2312 662 2332 macrum
678 2301 812 2332 AACA:
838 2312 985 2332 marcum
1002 2302 1057 2332 BA
1175 2313 1194 2332 2
1217 2302 1448 2342 Apollodotus

109 2345 292 2377 Heinsius:
316 2346 536 2386 apollodorus
552 2345 638 2376 codd.
660 2346 713 2387 (cf.
729 2346 854 2383 Journ.
872 2345 959 2376 Pln‘l.
978 2346 1057 2386 xxii,
1080 2348 1111 2387 1)
1221 2356 1239 2385 4
1265 2347 1448 2386 scripserat

111 2394 145 2420 et
162 2390 288 2421 dedicit
303 2390 384 2423 AA:
409 2389 546 2429 scripsit
563 2394 598 2420 et
614 2389 751 2420 edidicit
767 2389 875 2420 BACA
