1648 2729
175 169 231 207 M.
262 168 386 206 VAL.
418 168 734 206 MARTIALIS

172 282 225 320 da
252 280 408 320 veniam
439 280 581 320 servire
611 280 709 319 meis
738 281 848 331 quod
877 281 971 320 nolo
1003 280 1197 320 Kalendis
1491 299 1508 330 5

227 353 265 385 et
295 360 374 397 qua
402 360 490 385 sum
518 345 673 396 genitus
702 345 831 385 vivere
860 347 948 385 luce
976 347 1078 385 volo.

173 412 307 450 Natali
335 413 480 462 pallere
510 425 593 460 suo,
625 425 676 450 ne
705 412 818 451 calda
847 412 1006 451 Sabello
1243 409 1355 464 [LXb

226 476 353 525 desit;
392 484 431 515 et
461 484 502 515 ut
531 476 727 527 liquidum
757 484 868 528 potet
896 478 1054 516 Alauda
1082 490 1245 525 merum,

173 541 330 581 turbida
359 541 528 581 sollicito
557 541 820 581 transmittere
850 542 1038 582 Caecuba
1067 556 1183 581 sacco
1198 557 1208 590 3

225 615 345 657 atque
374 607 475 646 inter
504 621 660 646 mensas
690 607 745 646 ire
773 607 900 647 redire
929 621 1018 647 suas
1033 622 1044 656 3
1472 624 1510 646 10

172 672 351 723 excipere
381 674 454 711 hos
484 672 570 711 illos
601 680 639 712 et
668 680 751 711 tota
780 686 936 723 surgere
965 686 1064 712 cena

226 751 422 776 marmora
451 739 671 777 calcantem
701 737 900 788 frigidiora
927 739 1041 788 gelu:

172 816 274 853 quae
303 803 402 842 ratio
432 811 490 842 est
519 804 617 842 haec
647 811 789 853 sponte
818 816 889 842 sua
917 805 1086 854 perferre
1114 803 1287 854 patique,

226 882 327 919 quae
356 876 394 907 te
424 868 456 907 si
484 868 619 908 iubeat
647 882 713 908 rex
741 868 1020 919 dominusque,
1050 871 1200 920 neges?

673 953 793 990 LXII

172 1017 339 1067 Antiqui
368 1031 433 1056 rex
463 1031 605 1068 magne
634 1017 715 1067 poli
744 1017 965 1068 mundique
993 1017 1142 1068 prioris,

224 1083 299 1122 sub
328 1096 409 1133 quo
438 1082 547 1134 pigra
575 1082 686 1133 quies
717 1096 791 1121 nec
819 1083 931 1122 labor
959 1084 1061 1121 ullus
1090 1090 1182 1130 erat,

171 1161 246 1187 nec
274 1150 401 1199 regale
431 1148 547 1187 nimis
576 1149 727 1187 fulmen
756 1162 831 1187 nec
860 1148 1025 1187 fulmine
1054 1148 1175 1199 digni,

225 1213 346 1253 scissa
374 1228 449 1253 nec
477 1215 529 1253 ad
560 1215 703 1252 Manes
735 1214 805 1252 sed
835 1212 910 1252 sibi
940 1213 1049 1252 dives
1080 1214 1248 1252 humus:

169 1280 294 1317 laetus
323 1280 374 1318 ad
404 1280 502 1318 haec
531 1278 735 1329 facilisque
764 1278 854 1317 veni
883 1277 1091 1317 sollemnia
1120 1278 1242 1317 Prisci
1488 1296 1505 1327 5

223 1344 389 1395 gaudia:
428 1358 519 1383 cum
550 1344 668 1383 sacris
698 1351 736 1382 te
765 1345 881 1383 decet
910 1357 995 1382 esse
1024 1343 1112 1382 tuis.

170 1418 211 1448 tu
241 1411 428 1449 reducem
458 1409 606 1461 patriae
635 1418 753 1456 sexta,
785 1417 895 1459 pater
924 1409 1085 1460 optime,
1117 1410 1257 1448 bruma

224 1475 379 1526 pacifici
408 1475 521 1514 Latia
548 1475 681 1514 reddis
710 1475 761 1513 ab
791 1476 888 1513 urbe
918 1477 1087 1514 Numae.

172 1540 310 1580 Cernis
340 1548 383 1579 ut
411 1540 593 1580 Ausonio
622 1540 759 1578 similis
790 1540 861 1579 tibi
890 1554 1038 1590 pompa
1067 1541 1235 1579 macello

224 1607 397 1656 pendeat
426 1613 464 1644 et
493 1613 664 1656 quantus
692 1605 907 1644 luxurietur
936 1607 1096 1644 honos?
1470 1623 1508 1644 ιο

171 1685 290 1721 quam
320 1663 406 1710 non
431 1685 548 1721 parca
576 1685 717 1710 manus
746 1673 955 1721 largaeque
983 1671 1222 1709 nomismata
1252 1684 1424 1719 mensae,

225 1750 338 1787 quae,
370 1738 547 1783 Saturne,
580 1736 652 1774 tibi
680 1744 1009 1787 pernumerentur
1038 1738 1163 1787 opes?

171 1808 293 1851 utque
322 1801 370 1839 sit
400 1801 460 1839 his
490 1801 659 1851 pretium
689 1801 836 1840 meritis
865 1808 904 1840 et
932 1801 1054 1852 gratia
1083 1800 1217 1849 maior,

225 1874 264 1905 et
292 1874 402 1917 pater
430 1874 469 1905 et
497 1866 597 1917 frugi
626 1866 682 1905 sic
711 1874 778 1905 tua
807 1880 916 1905 sacra
944 1866 1048 1905 colit.

170 1934 223 1970 At
253 1939 295 1970 tu
324 1939 585 1971 sancte—tuo
613 1932 669 1970 sic
698 1945 853 1983 semper
879 1946 1012 1971 amere
1041 1931 1309 1970 Decembri-
1470 1948 1507 1980 15

226 1998 299 2035 hos
330 1996 383 2035 illi
413 1997 550 2035 iubeas
580 2010 698 2048 saepe
727 1997 853 2036 redire
883 1997 978 2036 dies.

217 2100 279 2131 LX
304 2110 323 2139 5
349 2100 434 2131 meis
451 2099 527 2131 BA:
552 2100 618 2131 tuis
638 2100 687 2131 CA
821 2110 905 2139 7—14
931 2111 1004 2132 nov.
1024 2100 1123 2141 eptgr.
1144 2100 1179 2131 in
1195 2101 1389 2141 codd.‚forl.
1410 2106 1506 2133 recte:

172 2144 341 2175 coniunxit
358 2143 517 2174 Gruterus
650 2154 666 2182 7
693 2154 754 2174 sua
770 2144 866 2183 (EA)
885 2145 935 2174 vel
946 2155 1009 2175 suo
1027 2143 1075 2174 CA
1213 2154 1252 2175 10
1274 2145 1341 2186 ire]
1367 2145 1395 2176 si
1418 2145 1508 2176 forte

173 2192 210 2218 ut
224 2187 288 2219 vid.
310 2187 359 2219 CA
383 2188 508 2229 (praec.
530 2186 561 2226 s)
584 2187 628 2226 (si
653 2188 740 2218 sorte
761 2187 838 2228 EA,
863 2188 951 2218 forte
970 2186 1054 2222 XV)
1077 2188 1153 2228 (pro
1176 2187 1231 2219 ise
1243 2189 1289 2227 3):
1316 2193 1408 2219 sorte
1429 2189 1502 2220 Ital.

174 2241 210 2263 11
237 2231 301 2262 hoc
321 2231 370 2262 CA
461 2241 498 2270 14
523 2231 582 2262 tibi
599 2231 654 2261 ΒΑ
671 2243 677 2261 z
701 2236 734 2262 te
755 2231 804 2262 CA
981 2231 1078 2261 LXII
1104 2242 1123 2261 2
1139 2232 1202 2262 sub
1218 2232 1301 2273 quo]
1318 2243 1440 2263 somno
1460 2232 1508 2263 CA

171 2285 190 2314 3
215 2275 316 2315 digne
331 2275 380 2306 CA
556 2285 576 2314 4
594 2275 700 2306 scisse
711 2274 767 2305 ΒΑ
885 2275 946 2306 sed
963 2275 1027 2323 sibi
1043 2275 1205 2306 Heinsius
1218 2275 1356 2307 Advers.
1370 2281 1407 2317 p.
1421 2286 1485 2316 515
1502 2289 1508 2307 ;

991 2327 1000 2344 l

172 2362 236 2383 nec
254 2351 336 2382 mihi
350 2352 405 2382 ΒΑ
422 2352 556 2394 (gloss)
574 2364 581 2383 z
605 2352 665 2383 sed
686 2351 733 2383 sis
759 2352 808 2383 CA
831 2352 894 2390 (sis
910 2358 973 2393 pro
989 2362 1014 2388 S,
1036 2352 1055 2383 ι’.
1070 2363 1095 2384 e.
1117 2352 1197 2392 sibi)
1350 2361 1371 2392 5
1396 2353 1507 2384 lautus

172 2395 249 2426 BA:
273 2396 382 2427 laetus
409 2395 459 2426 CA
595 2406 630 2427 11
659 2406 727 2426 non
752 2406 817 2426 om.
848 2395 898 2426 CA
1000 2406 1096 2426 mens
1120 2401 1172 2427 est
1197 2395 1246 2427 CA
1272 2396 1384 2438 (mens
1407 2402 1426 2427 e
1443 2402 1507 2438 pro

172 2440 305 2474 mense)
414 2449 452 2470 12
479 2445 765 2479 pernumerantur
780 2439 859 2470 BA:
883 2445 1170 2479 pernumerentur
1188 2439 1237 2471 CA
1329 2449 1368 2479 15
1391 2451 1505 2472 amare

173 2483 262 2523 (cum
280 2482 323 2523 L)
395 2483 578 2514 december
597 2483 645 2514 CA
751 2484 790 2513 16
815 2483 882 2514 illis
897 2483 953 2513 BA
969 2493 977 2514 :
1000 2483 1047 2513 illi
1067 2482 1115 2514 CA
