1648 2729
187 127 243 162 M.
275 126 398 164 VAL.
431 126 746 165 MARTIALIS

183 249 277 286 nolo
306 247 518 298 peregrinis
547 250 703 299 placeas
733 249 814 297 tibi,
848 250 986 298 Gellia,
1018 251 1143 301 nugis.

235 312 321 360 scis,
353 320 461 363 puto,
493 303 610 364 posse
638 328 772 353 meum
803 315 858 354 sic
889 316 991 355 bene
1019 317 1125 356 olere
1154 330 1306 356 canem.

693 431 788 468 LVI

183 494 239 537 Sit
268 498 436 537 cisterna
465 499 562 537 mihi
591 513 710 549 quam
739 500 854 539 vinea
883 503 988 540 malo
1018 503 1246 550 Ravennae,

237 577 327 602 cum
357 563 506 615 possim
537 567 662 604 multo
691 567 863 605 vendere
892 566 1012 617 pluris
1042 581 1198 617 aquam.

681 682 799 719 LVII

183 750 359 788 Callidus
389 750 564 800 inposuit
593 765 719 801 nuper
748 751 844 789 mihi
874 765 977 802 copo
1008 755 1249 793 Ravennae:

235 822 325 854 cum
355 823 529 865 peterem
560 816 741 865 mixtum,
769 817 948 857 vendidit
976 818 1041 857 ille
1071 832 1235 858 merum.

668 933 810 971 LVIII

182 1001 332 1040 Baiana
360 1002 482 1041 nostri
512 1002 612 1050 villa,
646 1004 778 1051 Basse,
811 1003 989 1042 Faustini

181 1080 262 1105 non
292 1066 428 1105 otiosis
458 1067 638 1105 ordinata
667 1067 842 1117 myrtetis

180 1132 379 1182 viduaque
408 1134 568 1182 platano
597 1132 810 1182 tonsilique
840 1134 987 1172 buxeto

181 1198 330 1247 ingrata
358 1197 425 1235 lati
455 1196 580 1247 spatia
609 1197 761 1236 detinet
790 1198 933 1248 campi,

181 1263 250 1301 sed
280 1275 367 1300 rure
396 1275 488 1300 vero
518 1262 765 1312 barbaroque
794 1263 971 1301 laetatur.

180 1326 244 1365 hie
273 1328 370 1365 farta
398 1326 588 1376 premitur
615 1328 760 1376 angulo
792 1328 912 1366 Ceres
942 1327 1052 1366 omni

180 1400 218 1430 et
247 1393 370 1430 multa
398 1393 539 1441 fragrat
567 1398 668 1430 testa
697 1392 858 1431 senibus
887 1393 1087 1432 autumnis
1102 1409 1112 1442 3

180 1456 244 1495 hic
272 1464 362 1506 post
392 1457 641 1500 Novembres
670 1456 904 1496 imminente
933 1457 1011 1496 iam
1041 1459 1183 1497 bruma

181 1535 284 1560 seras
314 1529 472 1571 putator
500 1521 683 1559 horridus
714 1523 828 1560 refert
857 1536 964 1560 uvas.

179 1595 307 1624 truces
337 1585 377 1623 in
406 1587 485 1623 alta
513 1587 613 1624 valle
644 1585 824 1636 mugiunt
853 1587 952 1625 tauri
1478 1607 1517 1629 10

180 1650 403 1700 vitulusque
433 1650 572 1688 inermi
601 1652 728 1688 fronte
757 1651 879 1700 prurit
909 1651 948 1689 in
978 1665 1163 1702 pugnam.

180 1724 340 1766 vagatur
369 1715 499 1753 omnis
529 1716 644 1753 turba
673 1715 857 1754 sordidae
887 1717 1045 1764 chortis,

179 1788 337 1830 argutus
365 1794 480 1818 anser
507 1780 758 1830 gemmeique
787 1794 961 1831 pavones

180 1858 407 1895 nomenque
436 1846 556 1884 debet
585 1858 687 1895 quae
716 1846 948 1885 rubentibus
978 1846 1110 1897 pinnis

180 1919 217 1948 et
246 1910 351 1960 pieta
379 1910 517 1960 perdix
546 1910 865 1961 Numidicaeque
893 1919 1067 1962 guttatae
1477 1931 1514 1963 15

180 1983 217 2014 et
246 1975 457 2025 impiorum
487 1975 678 2025 phasiana
708 1977 978 2025 Colchorum3

182 2040 361 2079 Rhodias
390 2040 549 2090 superbi
578 2040 744 2079 feminas
773 2049 958 2091 premunt
986 2041 1105 2092 galli3

225 2143 285 2174 LV
308 2153 328 2182 3
353 2143 450 2173 cellia
466 2143 521 2173 ΒΑ
654 2155 673 2182 4
698 2154 756 2174 sus
776 2144 823 2174 CA
843 2145 877 2185 (u
891 2150 954 2186 pro
972 2145 1015 2183 ci)

226 2187 300 2217 LVI
326 2187 400 2218 lzab.
422 2187 450 2216 T
539 2196 552 2216 1
575 2187 676 2217 mallo
688 2187 801 2218 AACA
977 2188 1068 2219 LVII
1093 2188 1167 2220 hab.
1188 2188 1219 2219 T
1297 2198 1312 2219 1
1333 2200 1442 2230 caupo
1457 2191 1517 2221 ΑΑ

226 2231 338 2261 LVIII
368 2240 381 2260 1
409 2230 536 2261 Balana
563 2230 608 2260 CA
672 2230 759 2262 nosti
784 2231 839 2261 BA
1073 2234 1095 2262 6
1117 2232 1228 2263 somni
1260 2232 1307 2263 CA
1333 2234 1452 2274 (praec.
1483 2235 1514 2277 s)

186 2320 201 2348 7
229 2307 350 2338 multas
370 2307 417 2337 CA
553 2317 588 2337 11
616 2308 705 2346 purit
726 2308 773 2338 CA
789 2311 827 2338 ut
841 2308 904 2339 vid.
929 2309 1007 2349 (pro
1023 2284 1100 2348 Erit,
1119 2309 1139 2340 ι’.
1154 2320 1178 2340 e.
1198 2310 1323 2349 prurit)
1477 2313 1516 2342 16

184 2352 367 2391 phasianae
379 2350 426 2381 CA
586 2361 622 2391 17
643 2351 778 2382 Rhodia
795 2352 1059 2392 superbisrninas
1072 2352 1119 2384 CA
1132 2353 1164 2394 (s
1172 2358 1236 2395 pro
1245 2353 1272 2395 f)
1357 2360 1515 2393 promunt

187 2395 234 2427 CA
254 2396 289 2436 (o
300 2399 363 2436 pro
374 2395 409 2436 e)
