1648 2729
208 146 266 182 M.
297 145 421 190 VAL.
453 146 770 185 MARTIALIS

209 255 289 293 Hic
318 255 415 294 mihi
445 258 606 306 quando
636 258 719 296 dies
750 271 861 296 meus
891 259 978 296 est?
1016 258 1206 296 iactamur
1234 257 1274 295 in
1303 259 1384 296 alto

260 320 378 368 urbis,
410 329 449 359 et
477 321 517 359 in
547 322 666 360 sterili
695 322 774 361 vita
802 323 937 362 labore
965 322 1076 373 perit,

205 386 304 423 dura
332 386 549 426 suburbani
579 389 675 426 dum
705 388 837 438 iugera
865 388 1063 438 pascimus
1093 387 1173 438 agri

258 450 491 502 vicinosque
519 452 601 499 tibi,
634 461 768 492 sancte
799 453 976 503 Quirine,
1007 454 1117 492 lares.

1505 469 1542 490 10

205 516 283 554 Sed
313 530 395 555 non
424 519 531 556 solus
559 525 666 556 amat
695 518 763 568 qui
791 526 909 558 nocte
938 518 1083 569 dieque
1112 519 1334 568 frequentat

258 578 394 617 limina
423 593 497 618 nec
526 588 656 619 vatem
686 581 778 619 talia
807 583 954 620 damna
982 582 1136 620 decent.
1160 597 1164 601 ·

204 657 272 693 per
300 646 525 683 veneranda
555 645 651 683 mihi
682 648 889 684 Musarum
919 660 1038 693 sacra,
1070 659 1139 696 per
1167 659 1307 684 omnes

257 709 342 747 iuro
371 710 492 749 deos:
535 713 586 749 Et
615 725 696 749 non
727 711 925 750 officiosus
954 725 1057 750 amo.

717 812 814 849 LIX

204 880 454 930 Consumpta
482 888 540 918 est
569 894 650 919 uno
680 880 711 919 si
740 882 926 920 lemmate
955 881 1107 932 pagina,
1141 880 1294 929 transis,

256 952 294 982 et
324 944 503 984 breviora
531 945 612 993 tibi,
646 960 727 984 non
757 946 919 985 meliora
948 948 1117 996 placent.

203 1010 312 1048 dives
342 1018 380 1048 et
410 1023 457 1048 ex
486 1011 596 1049 omni
625 1011 754 1061 posita
783 1019 842 1050 est
871 1011 1062 1050 instructa
1092 1012 1258 1051 macello

256 1088 355 1113 cena
383 1075 466 1123 tibi,
498 1077 568 1114 sed
599 1084 637 1115 te
667 1084 813 1116 mattea
843 1079 926 1116 sola
955 1077 1072 1115 iuvat.

204 1141 297 1178 Non
327 1153 427 1190 opus
457 1148 515 1179 est
544 1141 660 1179 nobis
690 1141 857 1180 nimium
888 1143 1034 1181 lectore
1063 1143 1229 1192 guloso;

255 1206 363 1243 hunc
391 1207 493 1253 volo,
525 1220 607 1244 non
637 1208 704 1245 fiat
734 1206 801 1257 qui
832 1207 916 1246 sine
946 1221 1048 1257 pane
1078 1214 1194 1245 satur.

728 1308 801 1344 LX

203 1377 294 1413 Iura
323 1375 439 1413 trium
468 1376 580 1426 petiit
609 1390 632 1415 a
663 1378 832 1416 Caesare
862 1376 1147 1427 discipulorum

253 1442 441 1479 adsuetus
470 1455 625 1492 semper
656 1444 811 1480 Munna
839 1444 983 1481 docere
1011 1443 1123 1481 duos

715 1543 809 1580 LXI

204 1611 282 1649 Hic
311 1611 494 1650 festinata
521 1612 731 1662 requiescit
760 1612 926 1651 Erotion
955 1613 1106 1659 umbra,

254 1676 417 1715 crimine
446 1691 566 1727 quarn
595 1678 664 1716 fati
693 1686 800 1717 sexta
829 1678 995 1728 peremit
1024 1677 1161 1716 hiems.

201 1741 378 1791 quisquis
408 1742 482 1781 eris
511 1743 634 1782 nostri
664 1751 753 1794 post
783 1757 846 1782 me
875 1750 1056 1793 regnator
1084 1741 1210 1793 agelli,

255 1807 437 1845 manibus
466 1807 614 1858 exiguis
642 1822 775 1846 annua
803 1808 904 1846 iusta
934 1809 1051 1846 dato:

200 1871 255 1909 sic
284 1873 362 1910 lare
391 1881 594 1923 perpetuo,
625 1873 680 1911 sic
710 1873 824 1912 turba
853 1873 1000 1923 sospite
1029 1874 1135 1912 solus

254 1936 394 1975 flebilis
424 1937 463 1975 in
493 1945 592 1976 terra
621 1938 669 1976 sit
698 1938 796 1989 lapis
824 1937 898 1977 iste
927 1946 1004 1976 tua.

704 2033 823 2069 LXII

202 2101 304 2140 Ludi
334 2101 527 2151 magister,
558 2116 674 2152 parce
703 2101 872 2152 simplici
901 2102 1061 2139 turbae:

199 2166 254 2204 sic
283 2174 321 2205 te
350 2168 574 2217 frequentes
604 2167 768 2205 audiant
797 2166 968 2217 capillati

199 2240 236 2270 et
265 2232 457 2270 delicatae
486 2232 621 2282 diligat
650 2234 792 2271 chorus
822 2245 994 2278 mensae,

243 2335 324 2366 LIX
348 2347 398 2368 vv.
417 2337 482 2375 5ψὸ
498 2336 572 2367 Ιιαὸ.
587 2336 620 2366 R
708 2338 729 2366 6
752 2337 808 2375 qui
826 2336 884 2366 fiat
901 2346 970 2366 non
988 2334 1042 2365 BA
1131 2344 1218 2374 pane
1235 2333 1296 2364 ΑΑ

244 2380 306 2409 LX
330 2390 349 2409 2
374 2386 531 2411 assuetus
548 2379 613 2411 cod.

244 2423 321 2454 LXI
347 2433 366 2453 2
391 2434 488 2463 quam
505 2423 579 2455 Ital.
600 2435 606 2454 :
632 2433 730 2463 quem
748 2422 815 2453 cod.

1312 2344 1320 2364 z
1343 2343 1432 2372 pene
1450 2331 1505 2361 ΒΑ
