1648 2729
181 163 236 200 M.
268 163 391 200 VAL.
426 162 742 200 MARTIALIS

179 289 260 314 non
290 274 391 314 derit
421 274 488 325 qui
518 282 628 313 tanta
657 273 729 312 tibi
758 274 986 324 spectacula
1014 279 1186 323 praestet

233 340 382 379 invidia
411 339 480 378 fati
509 341 579 379 sed
609 339 754 378 leviore
783 340 910 378 cadat.

181 406 212 444 si
241 414 280 445 te
309 407 510 444 delectant
538 405 718 444 animosa
747 404 931 455 pericula,
963 403 1105 442 Tuscis

234 471 409 510 —tutior
438 479 496 510 est
525 470 935 509 virtus—insidiemur
962 469 1077 519 apris.
1484 482 1523 505 10

181 537 291 586 Quid
321 545 359 575 te
388 538 498 575 frena
525 536 661 575 iuvant
690 534 924 575 temeraria?
961 534 1117 585 saepius
1147 533 1233 581 inis,

236 602 378 650 Prisce,
409 603 547 641 datum
577 609 636 641 est
665 601 840 652 equitem
869 614 1052 651 rumpere
1081 613 1201 650 quarn
1230 601 1418 649 leporem.

706 757 783 793 XV

293 838 502 889 Quidquid
533 837 738 876 Parrhasia
767 837 918 876 nitebat
947 839 1038 875 aula

290 906 483 943 donatum
514 911 573 942 est
602 902 727 941 oculis
757 903 922 953 deisque
951 902 1105 941 nostris.

292 970 453 1008 miratur
482 969 686 1019 Scythicas
715 968 876 1007 virentis
906 968 989 1007 auri

291 1037 471 1073 flammas
502 1034 680 1085 Iuppiter
709 1042 747 1073 et
776 1042 909 1085 stupet
937 1033 1097 1084 superbi

291 1100 390 1151 regis
421 1100 582 1139 delicias
610 1114 827 1150 gravesque
856 1101 988 1138 lusus:
1158 1126 1159 1129 =
1509 1113 1527 1145 5

293 1168 391 1205 haec
420 1174 512 1204 sunt
541 1167 685 1215 pocula
715 1179 817 1216 quae
846 1167 992 1204 decent
1020 1166 1261 1211 Tonantem,

292 1234 391 1271 haec
420 1239 512 1270 sunt
542 1245 644 1281 quae
674 1230 887 1282 Phrygium
917 1232 1061 1269 decent
1092 1229 1325 1268 ministrum.

293 1299 446 1337 Omnes
476 1311 567 1335 cum
598 1298 695 1335 Iove
725 1310 832 1335 nunc
861 1310 997 1335 sumus
1027 1295 1131 1334 beati
1146 1310 1157 1344 3

293 1371 332 1401 at
362 1363 679 1413 nuper—pudet,
710 1364 761 1400 ah
792 1364 917 1413 pudet
945 1361 1112 1400 fateri—

295 1442 434 1466 omnes
463 1441 555 1466 cum
587 1429 684 1466 Iove
713 1441 906 1478 pauperes
936 1440 1102 1466 eramus.
1491 1440 1530 1462 10

683 1579 807 1616 XVII

189 1665 321 1711 Quare
351 1669 431 1700 tam
463 1660 595 1699 multis
625 1674 648 1699 a
676 1668 727 1708 te,
760 1659 935 1707 Laetine‚
966 1658 1108 1698 diebus

242 1741 322 1766 non
352 1727 468 1765 abeat
496 1726 615 1765 febris
645 1725 799 1776 quaeris
829 1733 868 1764 et
896 1738 1022 1775 usque
1050 1723 1186 1775 gemis.

190 1795 374 1831 Gestatur
403 1800 535 1831 tecum
565 1791 709 1841 pariter
739 1799 952 1841 tecumque
980 1791 1154 1837 lavatum

243 1865 358 1896 cenat
386 1858 554 1904 boletos,
585 1864 723 1904 ostrea,
757 1869 909 1903 sumen,
939 1869 1105 1905 aprumg

189 1920 297 1959 ebria
326 1920 462 1959 Setino
492 1922 536 1958 fit
565 1933 683 1970 saepe
713 1927 751 1958 et
781 1932 898 1969 saepe
929 1920 1097 1957 Falerno
1512 1931 1529 1961 5

244 2000 317 2025 nec
347 1986 422 2024 nisi
451 2000 520 2036 per
549 1985 706 2024 niveam
737 1985 925 2024 Caecuba
953 1991 1064 2034 potat
1089 1996 1259 2033 aquam3

237 2091 319 2121 XIV
345 2101 362 2129 7
388 2091 498 2121 deerit
516 2090 634 2129 (derit)
654 2114 661 2120 .
681 2113 688 2119 .
710 2113 717 2119 .
737 2093 888 2128 praestet
908 2090 961 2127 (ex
976 2092 1025 2118 -at
1041 2086 1088 2120 R)
1107 2086 1190 2118 AA:
1214 2087 1360 2117 deerunt
1373 2086 1531 2125 (derunt)

193 2159 199 2166 .
220 2159 225 2165 .
244 2159 253 2167 .
272 2138 448 2174 praestent
464 2135 554 2175 (-ant
572 2133 619 2173 Q)
636 2133 743 2163 ΒΑίἈ
871 2134 891 2163 8
914 2132 997 2163 satis
1014 2136 1048 2161 et
1064 2131 1118 2160 ΒΑ
1137 2132 1169 2171 (s
1181 2135 1241 2171 pro
1258 2131 1286 2165 f)
1302 2141 1309 2161 t
1334 2130 1411 2160 fatis
1427 2134 1461 2160 et
1482 2129 1532 2160 CA

193 2179 339 2209 leviore]
367 2178 462 2208 uiore
488 2177 538 2208 CA
563 2177 707 2218 (leuiore
733 2176 785 2206 Ax
877 2177 974 2206 cadat
999 2174 1082 2205 AA:
1115 2175 1237 2205 cadant
1261 2173 1339 2204 BA:
1363 2173 1456 2205 cadit
1480 2172 1531 2203 CA

193 2234 213 2262 9
237 2223 384 2253 delectat
403 2221 453 2252 CA
602 2221 665 2251 XV
684 2231 748 2251 om.
770 2219 819 2251 CA
913 2230 926 2249 1
945 2218 1075 2249 nitebat
1092 2218 1162 2249 Ital
1187 2230 1194 2249 ε
1211 2217 1333 2248 nitebit
1350 2217 1417 2248 cod.
1510 2227 1530 2257 5

194 2268 295 2297 luxus
311 2266 443 2306 Iunius,
455 2265 538 2304 sort.
561 2269 636 2295 recte
790 2274 811 2303 9
836 2268 870 2294 at
888 2262 976 2303 (Ls)
993 2263 1044 2293 vel
1058 2273 1097 2293 ac
1115 2261 1211 2301 (ΡΩ)
1229 2262 1284 2292 ΒΑ
1373 2261 1415 2291 ah
1432 2260 1502 2292 edd.
1523 2273 1531 2292 :

193 2316 227 2341 at
245 2310 310 2340 cod.
505 2308 603 2338 XVII
628 2308 702 2338 hab.
728 2307 757 2337 T
870 2318 890 2346 3
915 2311 1026 2337 tecum
1045 2306 1174 2346 pariter
1195 2310 1374 2344 tecumque
1398 2305 1481 2336 AA:
1505 2309 1528 2336 t.

195 2354 325 2393 pariter
341 2353 538 2393 pariterque
557 2352 670 2392 (PQf)
690 2352 740 2382 vel
753 2355 777 2382 t.
796 2351 992 2390 pariterque
1010 2350 1067 2391 (L)
1085 2349 1140 2379 BA
1158 2361 1165 2380 z
1188 2354 1315 2380 tectum
1336 2351 1460 2388 (tecum
1478 2348 1530 2389 A)

195 2398 391 2436 pariterque
411 2396 461 2427 CA
476 2409 483 2427 :
508 2401 620 2426 tecum
637 2396 720 2427 sella
737 2401 916 2434 tecumque
931 2394 969 2424 N
1099 2393 1226 2423 lauauit
1241 2392 1303 2422 ΑΛ
1321 2392 1387 2429 (122.
1407 2393 1470 2424 —bit
1481 2392 1507 2433 2)
1524 2402 1531 2422 :

195 2442 328 2471 lanatus
344 2440 455 2471 BACA
473 2440 573 2480 (lab)
598 2434 603 2442 ’
708 2441 730 2469 6
752 2438 887 2469 uineam
907 2439 1056 2479 (niueam
1074 2437 1125 2477 A)
1146 2437 1194 2468 CA
1213 2438 1301 2477 (cum
1318 2435 1362 2477 L)
