1648 2729
181 165 238 202 M.
270 165 394 202 VAL.
427 165 742 203 MARTIALIS

633 278 855 316 LXXVIII

184 353 251 391 Nil
281 352 321 390 in
350 360 389 391 te
418 352 565 404 scripsi,
599 353 820 403 Bithynice.
879 355 1050 394 Credere
1079 367 1161 393 non
1190 353 1248 393 vis

238 426 276 457 et
305 417 430 457 iurare
459 418 601 458 iubes?
658 421 770 458 Malo
798 419 1032 458 satisfacere.

671 514 824 551 LXXX

185 584 247 621 Ne
277 584 411 621 laudet
440 582 592 633 dignos,
623 584 759 622 laudat
788 583 1032 623 Callistratus
1062 598 1212 623 omnes.

239 647 302 686 cui
332 650 457 687 malus
487 656 546 687 est
574 662 705 697 nemo,
737 649 824 700 quis
854 650 985 689 bonus
1014 664 1100 689 esse
1128 652 1288 701 potest?

659 738 834 775 LXXXI

187 809 358 846 Brumae
387 807 528 846 diebus
557 808 742 858 feriisque
772 808 929 847 Saturni

187 872 368 911 mittebat
396 874 548 912 Vmber
576 873 760 912 aliculam
790 874 888 912 mihi
917 888 1090 925 pauper3

186 952 292 977 nunc
322 938 442 977 mittit
470 939 638 978 alicam:
677 941 803 978 factus
833 947 891 979 est
920 940 1027 979 enim
1057 940 1177 979 dives.

645 1029 844 1066 LXXXII

189 1099 370 1148 Effugere
399 1097 440 1136 in
470 1098 632 1137 thermis
662 1107 700 1137 et
728 1098 831 1139 circa
861 1099 1003 1137 balnea
1031 1112 1111 1138 non
1142 1107 1200 1138 est

243 1165 509 1213 Menogenen,
540 1164 650 1202 omni
680 1172 721 1202 tu
750 1164 842 1203 licet
874 1172 955 1203 arte
984 1164 1090 1203 velis.

187 1228 361 1279 captabit
390 1229 569 1280 tepidum
599 1230 735 1268 dextra
763 1231 953 1280 laevaque
982 1229 1187 1280 trigonem‚

241 1294 395 1344 inputet
423 1302 606 1345 acceptas
636 1303 678 1333 ut
707 1295 779 1334 tibi
808 1309 925 1346 saepe
954 1295 1064 1346 pilas.

188 1359 336 1409 colligit
365 1368 403 1398 et
432 1362 571 1398 referet
599 1362 730 1398 laxum
761 1362 811 1399 de
841 1363 1001 1411 pulvere
1030 1362 1175 1407 follem,

243 1434 281 1464 et
311 1425 343 1463 si
372 1425 450 1463 iam
480 1427 594 1473 lotus,
627 1425 705 1464 iam
735 1428 906 1465 soleatus
936 1426 1017 1465 erit.

189 1491 308 1529 lintea
337 1490 369 1528 si
398 1504 541 1538 sumes,
573 1491 663 1530 nive
692 1491 924 1530 candidiora
951 1493 1144 1542 loquetur,

243 1556 320 1594 sint
349 1556 440 1595 licet
468 1556 628 1595 infantis
657 1557 877 1596 sordidiora
905 1557 1005 1596 sinu.

188 1621 348 1671 exiguos
378 1629 487 1660 secto
515 1630 742 1660 comentem
771 1624 891 1661 dente
919 1622 1082 1672 capillos

244 1686 349 1725 dicet
378 1686 578 1725 Achilleas
607 1686 849 1737 disposuisse
877 1701 1023 1726 comaS.
1490 1700 1528 1723 ¹0

190 1753 368 1790 fumosae
397 1753 493 1790 feret
522 1752 605 1802 ipse
635 1752 765 1803 tropin
795 1754 845 1791 de
873 1754 983 1791 faece
1011 1754 1176 1802 lagonae

244 1817 381 1856 frontis
411 1825 449 1856 et
477 1831 657 1856 umorem
687 1818 834 1868 colligit
862 1832 988 1868 usque
1017 1826 1118 1856 tuae.

192 1883 325 1920 omnia
354 1882 541 1930 laudabit,
574 1883 778 1922 mirabitur
807 1883 951 1931 omnia,
983 1885 1112 1922 donec

246 1961 453 1999 perpessus
483 1948 592 1987 dicas
621 1948 752 1988 taedia
786 1949 892 1987 mille
924 1947 1094 1987 ‘Venil'

238 2052 420 2083 LXXVIII
445 2052 508 2083 hab
536 2052 571 2082 R
662 2063 676 2083 1
706 2053 739 2083 in
766 2053 816 2093 te]
833 2053 924 2083 inter
938 2051 995 2082 BA
1131 2061 1151 2082 2
1176 2050 1264 2082 male
1280 2050 1336 2081 R:
1361 2049 1461 2080 mallo
1478 2049 1527 2080 CA

191 2096 402 2127 satisfaceret
418 2106 524 2136 usque
540 2097 574 2126 R
591 2097 692 2137 (illud
704 2107 811 2137 usque
827 2108 867 2127 ex
889 2100 966 2127 nota
991 2095 1176 2136 marginali
1196 2104 1302 2134 usque
1325 2094 1392 2125 huc
1414 2097 1526 2124 orium

191 2139 331 2173 videtur)

239 2183 373 2214 LXXX
395 2184 469 2215 hab.
495 2184 524 2214 T
679 2194 692 2214 1
719 2183 851 2224 laudet]
871 2183 990 2214 laudes
1008 2183 1057 2214 CA
1329 2180 1480 2211 LXXXI
1509 2191 1528 2211 2

195 2227 374 2257 haliculam
392 2227 502 2269 (halli-
523 2227 587 2261 CA)
605 2227 693 2258 codd.
849 2237 868 2265 3
895 2228 985 2258 misit
1000 2226 1055 2256 BA
1070 2238 1077 2257 z
1101 2225 1202 2257 mittit
1220 2225 1269 2256 CA
1382 2224 1527 2255 halicarn

195 2270 281 2301 codd.
508 2271 676 2302 LXXXII
703 2281 722 2310 3
748 2272 881 2311 captabi
901 2275 936 2301 ut
951 2271 1014 2301 vid.
1032 2270 1089 2300 ΒΑ
1221 2280 1241 2307 4
1267 2273 1425 2308 acceptas
1448 2268 1503 2299 ΒΑ
1520 2279 1528 2298 :

195 2319 357 2353 exceptas
384 2314 432 2345 CA
574 2324 593 2354 5
619 2315 756 2355 colliget
776 2315 805 2345 G
893 2315 1025 2354 lapsum
1045 2314 1075 2353 Q
1202 2314 1224 2343 6
1247 2323 1305 2343 ero
1325 2312 1374 2343 CA
1506 2312 1527 2341 8

195 2357 316 2388 infanti
336 2357 385 2389 CA
404 2360 480 2399 (seq.
494 2358 524 2394 s)
623 2369 645 2398 9
668 2360 695 2389 si
713 2365 746 2389 te
762 2358 816 2388 ΒΑ
835 2358 915 2398 (pro
931 2358 1015 2389 scite
1027 2360 1055 2398 it)
1074 2369 1081 2388 :
1104 2362 1199 2388 secto
1218 2356 1268 2387 CA
1371 2365 1410 2386 10
1435 2355 1528 2385 dices

200 2402 249 2432 CA
370 2412 405 2432 11
433 2403 547 2442 tropin
574 2402 648 2434 Ital.
672 2414 679 2433 z
712 2402 836 2442 propin
869 2402 959 2433 codd.
1087 2411 1126 2431 12
1159 2401 1297 2439 colliget
1315 2399 1343 2430 G
1419 2408 1527 2438 usque

196 2445 268 2476 Ital.
290 2456 297 2475 z
321 2445 379 2476 ille
396 2446 451 2475 ΒΑ
469 2457 476 2476 z
500 2452 604 2485 utque
624 2446 673 2477 CA
809 2456 847 2486 13
870 2446 1021 2476 laudauit
1056 2445 1106 2476 CA
1124 2445 1196 2485 (Le.
1217 2444 1294 2484 —bit)
