1648 2729
784 176 1253 216 EPIGRAMMATON
1286 177 1388 215 LIB.
1423 173 1447 214 I

602 288 723 326 XLII

108 367 298 418 Coniugis
327 367 502 407 audisset
529 369 653 407 fatum
683 382 774 407 cum
805 369 943 407 Porcia
973 368 1083 407 Bruti

163 441 201 472 et
230 434 428 472 subtracta
456 432 531 472 sibi
560 442 764 484 quaereret
791 447 899 472 arma
927 435 1051 481 dolor,

110 499 327 537 ‘Nondum
357 497 487 537 scitis'
515 498 569 536 ait
601 502 793 537 ‘mortem
823 512 905 537 non
935 512 1051 549 posse
1081 497 1243 548 negari?

161 563 405 602 credideram
434 562 522 601 fatis
551 564 629 602 hoe
657 563 842 602 docuisse
871 565 1046 613 patrem)

108 628 205 667 dixit
234 636 273 667 et
300 628 474 667 ardentis
502 628 620 667 avido
649 627 749 667 bibit
779 642 846 667 ore
874 628 1034 667 favillas.

164 695 182 732 1
213 706 321 732 nune
349 701 387 732 et
416 695 571 741 ferrum,
603 694 717 733 turba
747 695 922 741 molesta,
955 707 1065 744 nega.

594 805 739 842 XLIII

111 885 178 923 Bis
207 884 279 923 tibi
308 884 445 923 triceni
473 884 631 932 fuimus,
665 884 865 932 Mancine‚
898 885 1026 923 vocati

163 958 201 988 et
230 949 403 1000 positum
433 958 491 988 est
520 949 635 988 nobis
665 949 719 987 nil
748 950 841 988 here
869 957 1021 1000 praeter
1049 963 1200 1000 aprum,

110 1029 190 1053 non
220 1028 322 1065 quae
351 1016 402 1053 de
431 1014 550 1053 tardis
580 1022 782 1053 servantur
810 1014 955 1052 vitibus
986 1028 1084 1053 uvae

163 1080 346 1120 dulcibus
376 1088 443 1118 aut
472 1087 623 1118 certant
652 1093 754 1129 quae
784 1079 982 1118 melimela
1010 1079 1118 1127 favis,

110 1159 190 1184 non
220 1145 304 1196 pira
332 1158 433 1195 quae
462 1146 580 1195 longa
608 1146 785 1195 pendent
814 1145 973 1195 religata
1001 1153 1163 1195 genesta
1428 1161 1444 1190 5

162 1218 230 1249 aut
258 1210 409 1248 imitata
438 1209 565 1248 brevis
596 1209 747 1248 Punica
774 1223 894 1260 grana
923 1223 1041 1257 rosas,

110 1275 255 1314 rustica
282 1275 463 1314 lactantis
493 1289 567 1314 nec
597 1274 702 1313 misit
732 1274 889 1314 Sassina
920 1284 1044 1313 metas

165 1355 238 1380 nec
267 1342 318 1379 de
348 1340 503 1379 Picenis
532 1340 639 1379 venit
668 1340 770 1378 oliva
799 1340 933 1378 cadis:

112 1408 243 1445 nudus
272 1420 376 1457 aper,
409 1407 479 1444 sed
509 1414 547 1444 et
576 1405 641 1444 hic
671 1405 859 1444 minimus
890 1405 1096 1455 qualisque
1126 1403 1256 1442 necari

164 1485 188 1511 a
216 1485 297 1510 non
326 1479 477 1509 armato
506 1470 724 1522 pumilione
753 1478 893 1521 potest.
1411 1484 1448 1505 10

112 1545 151 1576 et
179 1536 277 1575 nihil
306 1536 400 1575 inde
429 1537 566 1574 datum
597 1544 656 1574 est
673 1550 683 1583 3
723 1544 878 1574 tantum
907 1534 1172 1585 spectavimus
1203 1547 1364 1572 omnes:

166 1615 314 1652 ponere
341 1615 481 1652 aprum
511 1601 626 1640 nobis
656 1600 712 1639 sic
741 1609 779 1640 et
808 1602 955 1639 harena
984 1601 1094 1639 solet.

114 1670 288 1706 Ponatur
316 1667 387 1706 tibi
417 1668 548 1705 nullus
578 1680 672 1717 aper
701 1675 790 1716 post
820 1666 913 1704 talia
940 1667 1054 1713 faeta,

166 1733 236 1771 sed
266 1740 308 1770 tu
336 1731 494 1782 ponaris
524 1731 587 1771 cui
617 1731 880 1771 Charidemus
909 1744 1015 1780 apro.

598 1844 735 1881 XLIV

115 1925 301 1965 Lascivos
330 1928 509 1975 leporum
539 1938 675 1963 cursus
704 1926 893 1973 lususque
921 1924 1082 1960 leonum

168 1992 278 2042 quod
307 1990 431 2029 maior
459 1990 575 2029 nobis
605 1991 739 2028 charta
768 1988 976 2037 minorque
1004 1986 1101 2036 gerit

115 2065 153 2095 et
184 2056 243 2095 bis
272 2056 379 2094 idem
409 2055 586 2102 facimus,
618 2054 785 2093 nimium
816 2053 858 2100 si,
891 2053 1020 2100 Stella,
1052 2051 1206 2090 videtur

169 2123 246 2160 hoc
274 2120 357 2169 tibi,
390 2120 449 2159 bis
478 2122 652 2171 leporem
683 2128 724 2158 tu
754 2131 915 2169 quoque
944 2130 1049 2168 pone
1079 2116 1185 2154 mihi.

158 2225 256 2256 XLII
280 2225 354 2256 hab.
380 2224 410 2256 T
502 2255 507 2261 ,
529 2234 542 2254 1
569 2224 692 2255 factum
715 2223 745 2254 T
863 2233 882 2260 4
907 2222 983 2253 fatis
1003 2221 1051 2252 G:
1075 2221 1159 2252 satis
1173 2219 1288 2251 AACA
1305 2222 1334 2259 (s
1345 2225 1408 2260 pro
1422 2219 1449 2258 s)

113 2271 134 2299 6
158 2270 167 2299 i
184 2279 250 2301 om.
277 2268 307 2299 T
389 2267 544 2299 molestia
563 2268 613 2299 CA

159 2312 277 2343 XLIII
301 2312 375 2342 hab.
400 2311 430 2342 T
513 2313 533 2342 6
556 2322 661 2350 grana
678 2310 762 2341 AA:
786 2309 872 2340 mala
891 2309 941 2340 CA
1078 2318 1094 2347 7
1119 2308 1284 2338 lactantes
1300 2306 1379 2336 AA:
1404 2305 1450 2336 la-

115 2361 249 2387 ctantes
266 2354 366 2395 (XV)
385 2355 435 2386 vel
447 2355 612 2386 lactentes
631 2355 717 2395 <EQ
739 2354 788 2385 CA
854 2353 968 2383 sasina
985 2353 1046 2382 ΑΑ
1061 2363 1068 2383 z
1091 2351 1222 2382 fuscina
1236 2350 1285 2381 CA
1305 2349 1332 2388 tf
1342 2355 1404 2389 pro
1420 2359 1446 2387 s,

117 2411 137 2430 u
149 2405 211 2439 pro
227 2400 260 2438 a)
276 2411 284 2430 :
311 2399 430 2430 fiscina
443 2397 579 2432 Scn'ver.
746 2407 785 2428 10
807 2401 919 2428 amato
942 2396 972 2427 T
1138 2404 1174 2426 11
1201 2399 1252 2426 est
1270 2398 1305 2424 ut
1321 2398 1451 2424 tanturn

117 2443 389 2484 exspectauimus
410 2441 442 2475 T
