<?xml version="1.0" encoding="UTF-8"?>
<!DOCTYPE html PUBLIC "-//W3C//DTD XHTML 1.0 Transitional//EN"
    "http://www.w3.org/TR/xhtml1/DTD/xhtml1-transitional.dtd">
<html xmlns="http://www.w3.org/1999/xhtml" xml:lang="en" lang="en">
 <head>
  <title>
</title>
<meta http-equiv="Content-Type" content="text/html;charset=utf-8" />
  <meta name='ocr-system' content='tesseract 3.04.00' />
  <meta name='ocr-capabilities' content='ocr_page ocr_carea ocr_par ocr_line ocrx_word'/>
</head>
<body>
  <div class='ocr_page' id='page_1' title='image "./epigrammatasele00martuoft_0195.png"; bbox 0 0 1648 2729; ppageno 0'>
   <div class='ocr_carea' id='block_1_1' title="bbox 701 103 1445 142">
    <p class='ocr_par' dir='ltr' id='par_1_1' title="bbox 701 103 1445 142">
     <span class='ocr_line' id='line_1_1' title="bbox 701 103 1445 142; baseline 0.003 -2"><span class='ocrx_word' id='word_1_1' title='bbox 701 103 1171 142; x_wconf 89' lang='lat' dir='ltr'>EPIGRAMMATON</span> <span class='ocrx_word' id='word_1_2' title='bbox 1204 104 1307 142; x_wconf 88' lang='lat' dir='ltr'>LIB.</span> <span class='ocrx_word' id='word_1_3' title='bbox 1338 104 1445 142; x_wconf 89' lang='lat' dir='ltr'>VIII</span> 
     </span>
    </p>
   </div>
   <div class='ocr_carea' id='block_1_2' title="bbox 111 211 1274 577">
    <p class='ocr_par' dir='ltr' id='par_1_2' title="bbox 111 211 1046 328">
     <span class='ocr_line' id='line_1_2' title="bbox 111 211 1040 263; baseline 0 -11"><span class='ocrx_word' id='word_1_4' title='bbox 111 213 259 252; x_wconf 89' lang='lat' dir='ltr'>defluat</span> <span class='ocrx_word' id='word_1_5' title='bbox 287 220 326 252; x_wconf 89' lang='lat' dir='ltr'>et</span> <span class='ocrx_word' id='word_1_6' title='bbox 355 211 463 252; x_wconf 90' lang='lat' dir='ltr'>lento</span> <span class='ocrx_word' id='word_1_7' title='bbox 493 213 744 263; x_wconf 80' lang='lat' dir='ltr'>splendescat</span> <span class='ocrx_word' id='word_1_8' title='bbox 773 212 931 252; x_wconf 88' lang='lat' dir='ltr'>turbida</span> <span class='ocrx_word' id='word_1_9' title='bbox 959 212 1040 252; x_wconf 89' lang='lat' dir='ltr'>lino</span> 
     </span>
     <span class='ocr_line' id='line_1_3' title="bbox 163 277 1046 328; baseline 0 -12"><span class='ocrx_word' id='word_1_10' title='bbox 163 279 355 328; x_wconf 87' lang='lat' dir='ltr'>amphora</span> <span class='ocrx_word' id='word_1_11' title='bbox 383 285 554 317; x_wconf 86' lang='lat' dir='ltr'>centeno</span> <span class='ocrx_word' id='word_1_12' title='bbox 583 279 747 317; x_wconf 89' lang='lat' dir='ltr'>consule</span> <span class='ocrx_word' id='word_1_13' title='bbox 776 279 879 317; x_wconf 91' lang='lat' dir='ltr'>facta</span> <span class='ocrx_word' id='word_1_14' title='bbox 908 277 1046 316; x_wconf 84' lang='lat' dir='ltr'>minor.</span> 
     </span>
    </p>

    <p class='ocr_par' dir='ltr' id='par_1_3' title="bbox 112 342 1274 458">
     <span class='ocr_line' id='line_1_4' title="bbox 112 342 1274 394; baseline 0 -12"><span class='ocrx_word' id='word_1_15' title='bbox 112 343 327 394; x_wconf 82' lang='lat' dir='ltr'>Continget</span> <span class='ocrx_word' id='word_1_16' title='bbox 356 357 435 382; x_wconf 88' lang='lat' dir='ltr'>nox</span> <span class='ocrx_word' id='word_1_17' title='bbox 464 344 626 393; x_wconf 88' lang='lat' dir='ltr'>quando</span> <span class='ocrx_word' id='word_1_18' title='bbox 656 342 754 381; x_wconf 88' lang='lat' dir='ltr'>meis</span> <span class='ocrx_word' id='word_1_19' title='bbox 785 350 865 381; x_wconf 87' lang='lat' dir='ltr'>tam</span> <span class='ocrx_word' id='word_1_20' title='bbox 895 343 1067 382; x_wconf 86' lang='lat' dir='ltr'>candida</span> <span class='ocrx_word' id='word_1_21' title='bbox 1096 343 1274 382; x_wconf 82' lang='lat' dir='ltr'>mensis?</span> 
     </span>
     <span class='ocr_line' id='line_1_5' title="bbox 164 407 1084 458; baseline 0 -12"><span class='ocrx_word' id='word_1_22' title='bbox 164 416 245 446; x_wconf 87' lang='lat' dir='ltr'>tam</span> <span class='ocrx_word' id='word_1_23' title='bbox 274 407 378 447; x_wconf 89' lang='lat' dir='ltr'>iusto</span> <span class='ocrx_word' id='word_1_24' title='bbox 408 408 566 447; x_wconf 89' lang='lat' dir='ltr'>dabitur</span> <span class='ocrx_word' id='word_1_25' title='bbox 594 409 757 458; x_wconf 90' lang='lat' dir='ltr'>quando</span> <span class='ocrx_word' id='word_1_26' title='bbox 787 409 913 447; x_wconf 89' lang='lat' dir='ltr'>calere</span> <span class='ocrx_word' id='word_1_27' title='bbox 943 409 1084 447; x_wconf 88' lang='lat' dir='ltr'>mero?</span> 
     </span>
    </p>

    <p class='ocr_par' dir='ltr' id='par_1_4' title="bbox 111 472 1211 577">
     <span class='ocr_line' id='line_1_6' title="bbox 111 472 1211 523; baseline -0.001 -11"><span class='ocrx_word' id='word_1_28' title='bbox 111 473 213 513; x_wconf 86' lang='lat' dir='ltr'>Cum</span> <span class='ocrx_word' id='word_1_29' title='bbox 245 480 294 519; x_wconf 89' lang='lat' dir='ltr'>te,</span> <span class='ocrx_word' id='word_1_30' title='bbox 326 474 478 519; x_wconf 89' lang='lat' dir='ltr'>Flacce‚</span> <span class='ocrx_word' id='word_1_31' title='bbox 511 472 609 510; x_wconf 88' lang='lat' dir='ltr'>mihi</span> <span class='ocrx_word' id='word_1_32' title='bbox 638 474 777 511; x_wconf 86' lang='lat' dir='ltr'>reddet</span> <span class='ocrx_word' id='word_1_33' title='bbox 808 472 1017 523; x_wconf 80' lang='lat' dir='ltr'>Cythereia</span> <span class='ocrx_word' id='word_1_34' title='bbox 1048 474 1211 523; x_wconf 84' lang='lat' dir='ltr'>Cypros,</span> 
     </span>
     <span class='ocr_line' id='line_1_7' title="bbox 162 537 978 577; baseline 0.001 -2"><span class='ocrx_word' id='word_1_35' title='bbox 162 537 337 576; x_wconf 84' lang='lat' dir='ltr'>luxuriae</span> <span class='ocrx_word' id='word_1_36' title='bbox 366 538 433 576; x_wconf 88' lang='lat' dir='ltr'>fiet</span> <span class='ocrx_word' id='word_1_37' title='bbox 462 545 542 576; x_wconf 90' lang='lat' dir='ltr'>tam</span> <span class='ocrx_word' id='word_1_38' title='bbox 572 538 679 576; x_wconf 88' lang='lat' dir='ltr'>bona</span> <span class='ocrx_word' id='word_1_39' title='bbox 708 551 826 576; x_wconf 88' lang='lat' dir='ltr'>causa</span> <span class='ocrx_word' id='word_1_40' title='bbox 856 551 978 577; x_wconf 89' lang='lat' dir='ltr'>meae.</span> 
     </span>
    </p>
   </div>
   <div class='ocr_carea' id='block_1_3' title="bbox 587 632 747 669">
    <p class='ocr_par' dir='ltr' id='par_1_5' title="bbox 587 632 747 669">
     <span class='ocr_line' id='line_1_8' title="bbox 587 632 747 669; baseline 0.006 -1"><span class='ocrx_word' id='word_1_41' title='bbox 587 632 747 669; x_wconf 92' lang='lat' dir='ltr'>XLVII</span> 
     </span>
    </p>
   </div>
   <div class='ocr_carea' id='block_1_4' title="bbox 108 700 1257 818">
    <p class='ocr_par' dir='ltr' id='par_1_6' title="bbox 108 700 1257 818">
     <span class='ocr_line' id='line_1_9' title="bbox 108 700 1257 752; baseline 0.001 -13"><span class='ocrx_word' id='word_1_42' title='bbox 108 703 203 740; x_wconf 88' lang='lat' dir='ltr'>Pars</span> <span class='ocrx_word' id='word_1_43' title='bbox 234 700 478 739; x_wconf 82' lang='lat' dir='ltr'>maxillarum</span> <span class='ocrx_word' id='word_1_44' title='bbox 508 708 623 740; x_wconf 88' lang='lat' dir='ltr'>tonsa</span> <span class='ocrx_word' id='word_1_45' title='bbox 652 709 711 740; x_wconf 90' lang='lat' dir='ltr'>est</span> <span class='ocrx_word' id='word_1_46' title='bbox 740 701 822 749; x_wconf 86' lang='lat' dir='ltr'>tibi,</span> <span class='ocrx_word' id='word_1_47' title='bbox 854 715 942 752; x_wconf 86' lang='lat' dir='ltr'>pars</span> <span class='ocrx_word' id='word_1_48' title='bbox 973 701 1043 740; x_wconf 88' lang='lat' dir='ltr'>tibi</span> <span class='ocrx_word' id='word_1_49' title='bbox 1073 715 1158 740; x_wconf 84' lang='lat' dir='ltr'>rasa</span> <span class='ocrx_word' id='word_1_50' title='bbox 1188 709 1257 748; x_wconf 87' lang='lat' dir='ltr'>est,</span> 
     </span>
     <span class='ocr_line' id='line_1_10' title="bbox 162 767 1237 818; baseline 0 -13"><span class='ocrx_word' id='word_1_51' title='bbox 162 780 250 817; x_wconf 90' lang='lat' dir='ltr'>pars</span> <span class='ocrx_word' id='word_1_52' title='bbox 279 768 390 805; x_wconf 88' lang='lat' dir='ltr'>vulsa</span> <span class='ocrx_word' id='word_1_53' title='bbox 419 774 487 805; x_wconf 90' lang='lat' dir='ltr'>est.</span> <span class='ocrx_word' id='word_1_54' title='bbox 546 769 682 805; x_wconf 91' lang='lat' dir='ltr'>Vnum</span> <span class='ocrx_word' id='word_1_55' title='bbox 713 767 801 817; x_wconf 90' lang='lat' dir='ltr'>quis</span> <span class='ocrx_word' id='word_1_56' title='bbox 830 775 943 817; x_wconf 91' lang='lat' dir='ltr'>putat</span> <span class='ocrx_word' id='word_1_57' title='bbox 971 780 1057 806; x_wconf 88' lang='lat' dir='ltr'>esse</span> <span class='ocrx_word' id='word_1_58' title='bbox 1086 769 1237 818; x_wconf 87' lang='lat' dir='ltr'>caput?</span> 
     </span>
    </p>
   </div>
   <div class='ocr_carea' id='block_1_5' title="bbox 577 862 761 899">
    <p class='ocr_par' dir='ltr' id='par_1_7' title="bbox 577 862 761 899">
     <span class='ocr_line' id='line_1_11' title="bbox 577 862 761 899; baseline 0.005 -1"><span class='ocrx_word' id='word_1_59' title='bbox 577 862 761 899; x_wconf 92' lang='lat' dir='ltr'>XLVIII</span> 
     </span>
    </p>
   </div>
   <div class='ocr_carea' id='block_1_6' title="bbox 108 930 1446 1438">
    <p class='ocr_par' dir='ltr' id='par_1_8' title="bbox 110 930 1164 1047">
     <span class='ocr_line' id='line_1_12' title="bbox 110 930 1164 982; baseline 0 -13"><span class='ocrx_word' id='word_1_60' title='bbox 110 930 249 969; x_wconf 86' lang='lat' dir='ltr'>Nescit</span> <span class='ocrx_word' id='word_1_61' title='bbox 278 930 342 969; x_wconf 88' lang='lat' dir='ltr'>cui</span> <span class='ocrx_word' id='word_1_62' title='bbox 371 930 525 969; x_wconf 84' lang='lat' dir='ltr'>dederit</span> <span class='ocrx_word' id='word_1_63' title='bbox 554 931 713 980; x_wconf 85' lang='lat' dir='ltr'>Tyriam</span> <span class='ocrx_word' id='word_1_64' title='bbox 746 931 951 982; x_wconf 87' lang='lat' dir='ltr'>Crispinus</span> <span class='ocrx_word' id='word_1_65' title='bbox 980 931 1164 978; x_wconf 85' lang='lat' dir='ltr'>abollam,</span> 
     </span>
     <span class='ocr_line' id='line_1_13' title="bbox 162 997 1030 1047; baseline 0.001 -13"><span class='ocrx_word' id='word_1_66' title='bbox 162 997 259 1035; x_wconf 91' lang='lat' dir='ltr'>dum</span> <span class='ocrx_word' id='word_1_67' title='bbox 290 1004 415 1034; x_wconf 90' lang='lat' dir='ltr'>mutat</span> <span class='ocrx_word' id='word_1_68' title='bbox 444 998 572 1034; x_wconf 88' lang='lat' dir='ltr'>cultus</span> <span class='ocrx_word' id='word_1_69' title='bbox 601 997 858 1047; x_wconf 85' lang='lat' dir='ltr'>induiturque</span> <span class='ocrx_word' id='word_1_70' title='bbox 886 1004 1030 1046; x_wconf 86' lang='lat' dir='ltr'>togam.</span> 
     </span>
    </p>

    <p class='ocr_par' dir='ltr' id='par_1_9' title="bbox 109 1061 1347 1176">
     <span class='ocr_line' id='line_1_14' title="bbox 109 1061 1347 1112; baseline 0 -12"><span class='ocrx_word' id='word_1_71' title='bbox 109 1061 288 1112; x_wconf 87' lang='lat' dir='ltr'>quisquis</span> <span class='ocrx_word' id='word_1_72' title='bbox 317 1062 453 1109; x_wconf 88' lang='lat' dir='ltr'>habes,</span> <span class='ocrx_word' id='word_1_73' title='bbox 485 1061 629 1100; x_wconf 89' lang='lat' dir='ltr'>umeris</span> <span class='ocrx_word' id='word_1_74' title='bbox 660 1075 730 1100; x_wconf 89' lang='lat' dir='ltr'>sua</span> <span class='ocrx_word' id='word_1_75' title='bbox 759 1075 924 1100; x_wconf 86' lang='lat' dir='ltr'>munera</span> <span class='ocrx_word' id='word_1_76' title='bbox 954 1063 1087 1108; x_wconf 90' lang='lat' dir='ltr'>redde,</span> <span class='ocrx_word' id='word_1_77' title='bbox 1119 1075 1347 1112; x_wconf 79' lang='lat' dir='ltr'>precamur:</span> 
     </span>
     <span class='ocr_line' id='line_1_15' title="bbox 163 1126 1067 1176; baseline 0 -11"><span class='ocrx_word' id='word_1_78' title='bbox 163 1140 245 1166; x_wconf 91' lang='lat' dir='ltr'>non</span> <span class='ocrx_word' id='word_1_79' title='bbox 275 1128 353 1165; x_wconf 88' lang='lat' dir='ltr'>hoc</span> <span class='ocrx_word' id='word_1_80' title='bbox 383 1126 589 1176; x_wconf 87' lang='lat' dir='ltr'>Crispinus</span> <span class='ocrx_word' id='word_1_81' title='bbox 619 1135 658 1166; x_wconf 90' lang='lat' dir='ltr'>te</span> <span class='ocrx_word' id='word_1_82' title='bbox 687 1128 759 1166; x_wconf 87' lang='lat' dir='ltr'>sed</span> <span class='ocrx_word' id='word_1_83' title='bbox 787 1127 918 1166; x_wconf 85' lang='lat' dir='ltr'>abolla</span> <span class='ocrx_word' id='word_1_84' title='bbox 947 1135 1067 1176; x_wconf 84' lang='lat' dir='ltr'>rogat.</span> 
     </span>
    </p>

    <p class='ocr_par' dir='ltr' id='par_1_10' title="bbox 110 1191 1446 1296">
     <span class='ocr_line' id='line_1_16' title="bbox 110 1191 1446 1242; baseline 0 -12"><span class='ocrx_word' id='word_1_85' title='bbox 110 1206 192 1231; x_wconf 89' lang='lat' dir='ltr'>non</span> <span class='ocrx_word' id='word_1_86' title='bbox 221 1191 465 1242; x_wconf 86' lang='lat' dir='ltr'>quicumque</span> <span class='ocrx_word' id='word_1_87' title='bbox 494 1192 599 1242; x_wconf 85' lang='lat' dir='ltr'>capit</span> <span class='ocrx_word' id='word_1_88' title='bbox 628 1200 819 1230; x_wconf 86' lang='lat' dir='ltr'>saturatas</span> <span class='ocrx_word' id='word_1_89' title='bbox 850 1191 998 1230; x_wconf 88' lang='lat' dir='ltr'>murice</span> <span class='ocrx_word' id='word_1_90' title='bbox 1027 1200 1153 1230; x_wconf 82' lang='lat' dir='ltr'>vestes</span> <span class='ocrx_word' id='word_1_91' title='bbox 1430 1210 1446 1240; x_wconf 80' lang='lat'><strong><em>5</em></strong></span> 
     </span>
     <span class='ocr_line' id='line_1_17' title="bbox 163 1257 986 1296; baseline -0.002 0"><span class='ocrx_word' id='word_1_92' title='bbox 163 1271 238 1296; x_wconf 93' lang='lat' dir='ltr'>nec</span> <span class='ocrx_word' id='word_1_93' title='bbox 267 1257 342 1295; x_wconf 90' lang='lat' dir='ltr'>nisi</span> <span class='ocrx_word' id='word_1_94' title='bbox 370 1257 522 1296; x_wconf 88' lang='lat' dir='ltr'>deliciis</span> <span class='ocrx_word' id='word_1_95' title='bbox 551 1257 737 1296; x_wconf 89' lang='lat' dir='ltr'>convenit</span> <span class='ocrx_word' id='word_1_96' title='bbox 765 1257 838 1296; x_wconf 91' lang='lat' dir='ltr'>iste</span> <span class='ocrx_word' id='word_1_97' title='bbox 866 1258 986 1296; x_wconf 89' lang='lat' dir='ltr'>color.</span> 
     </span>
    </p>

    <p class='ocr_par' dir='ltr' id='par_1_11' title="bbox 108 1321 1056 1438">
     <span class='ocr_line' id='line_1_18' title="bbox 108 1321 1054 1372; baseline 0 -12"><span class='ocrx_word' id='word_1_98' title='bbox 108 1321 139 1361; x_wconf 86' lang='lat' dir='ltr'>si</span> <span class='ocrx_word' id='word_1_99' title='bbox 169 1330 208 1361; x_wconf 91' lang='lat' dir='ltr'>te</span> <span class='ocrx_word' id='word_1_100' title='bbox 236 1323 384 1372; x_wconf 87' lang='lat' dir='ltr'>praeda</span> <span class='ocrx_word' id='word_1_101' title='bbox 413 1322 519 1360; x_wconf 87' lang='lat' dir='ltr'>iuvat</span> <span class='ocrx_word' id='word_1_102' title='bbox 548 1322 735 1372; x_wconf 88' lang='lat' dir='ltr'>foedique</span> <span class='ocrx_word' id='word_1_103' title='bbox 765 1322 917 1361; x_wconf 85' lang='lat' dir='ltr'>insania</span> <span class='ocrx_word' id='word_1_104' title='bbox 946 1322 1054 1369; x_wconf 89' lang='lat' dir='ltr'>lucri,</span> 
     </span>
     <span class='ocr_line' id='line_1_19' title="bbox 162 1387 1056 1438; baseline -0.001 -12"><span class='ocrx_word' id='word_1_105' title='bbox 162 1401 241 1438; x_wconf 89' lang='lat' dir='ltr'>qua</span> <span class='ocrx_word' id='word_1_106' title='bbox 270 1387 397 1438; x_wconf 83' lang='lat' dir='ltr'>possis</span> <span class='ocrx_word' id='word_1_107' title='bbox 427 1388 567 1426; x_wconf 89' lang='lat' dir='ltr'>melius</span> <span class='ocrx_word' id='word_1_108' title='bbox 596 1389 740 1435; x_wconf 88' lang='lat' dir='ltr'>fallere,</span> <span class='ocrx_word' id='word_1_109' title='bbox 772 1401 884 1426; x_wconf 88' lang='lat' dir='ltr'>sume</span> <span class='ocrx_word' id='word_1_110' title='bbox 914 1395 1056 1438; x_wconf 85' lang='lat' dir='ltr'>togam.</span> 
     </span>
    </p>
   </div>
   <div class='ocr_carea' id='block_1_7' title="bbox 109 1482 1447 2059">
    <p class='ocr_par' dir='ltr' id='par_1_12' title="bbox 109 1482 1447 2059">
     <span class='ocr_line' id='line_1_20' title="bbox 554 1482 787 1534; baseline 0.004 -15"><span class='ocrx_word' id='word_1_111' title='bbox 554 1483 692 1520; x_wconf 93' lang='lat' dir='ltr'>XLIX</span> <span class='ocrx_word' id='word_1_112' title='bbox 722 1482 787 1534; x_wconf 92' lang='lat' dir='ltr'>(L)</span> 
     </span>
     <span class='ocr_line' id='line_1_21' title="bbox 110 1551 1139 1602; baseline -0.001 -12"><span class='ocrx_word' id='word_1_113' title='bbox 110 1554 270 1602; x_wconf 83' lang='lat' dir='ltr'>Quanta</span> <span class='ocrx_word' id='word_1_114' title='bbox 300 1551 485 1602; x_wconf 85' lang='lat' dir='ltr'>Gigantei</span> <span class='ocrx_word' id='word_1_115' title='bbox 514 1560 755 1591; x_wconf 88' lang='lat' dir='ltr'>memoratur</span> <span class='ocrx_word' id='word_1_116' title='bbox 784 1566 922 1591; x_wconf 87' lang='lat' dir='ltr'>mensa</span> <span class='ocrx_word' id='word_1_117' title='bbox 951 1551 1139 1601; x_wconf 87' lang='lat' dir='ltr'>triumphi</span> 
     </span>
     <span class='ocr_line' id='line_1_22' title="bbox 163 1617 1105 1668; baseline -0.001 -12"><span class='ocrx_word' id='word_1_118' title='bbox 163 1625 392 1668; x_wconf 88' lang='lat' dir='ltr'>quantaque</span> <span class='ocrx_word' id='word_1_119' title='bbox 421 1631 500 1656; x_wconf 90' lang='lat' dir='ltr'>nox</span> <span class='ocrx_word' id='word_1_120' title='bbox 529 1617 679 1668; x_wconf 89' lang='lat' dir='ltr'>superis</span> <span class='ocrx_word' id='word_1_121' title='bbox 710 1617 898 1656; x_wconf 89' lang='lat' dir='ltr'>omnibus</span> <span class='ocrx_word' id='word_1_122' title='bbox 928 1617 994 1655; x_wconf 91' lang='lat' dir='ltr'>illa</span> <span class='ocrx_word' id='word_1_123' title='bbox 1022 1617 1105 1664; x_wconf 88' lang='lat' dir='ltr'>fuit,</span> 
     </span>
     <span class='ocr_line' id='line_1_23' title="bbox 109 1682 1205 1734; baseline -0.001 -12"><span class='ocrx_word' id='word_1_124' title='bbox 109 1697 188 1734; x_wconf 84' lang='lat' dir='ltr'>qua</span> <span class='ocrx_word' id='word_1_125' title='bbox 217 1683 346 1722; x_wconf 91' lang='lat' dir='ltr'>bonus</span> <span class='ocrx_word' id='word_1_126' title='bbox 375 1683 561 1721; x_wconf 87' lang='lat' dir='ltr'>accubuit</span> <span class='ocrx_word' id='word_1_127' title='bbox 589 1682 744 1733; x_wconf 84' lang='lat' dir='ltr'>genitor</span> <span class='ocrx_word' id='word_1_128' title='bbox 772 1696 863 1721; x_wconf 89' lang='lat' dir='ltr'>cum</span> <span class='ocrx_word' id='word_1_129' title='bbox 893 1683 1010 1733; x_wconf 90' lang='lat' dir='ltr'>plebe</span> <span class='ocrx_word' id='word_1_130' title='bbox 1039 1684 1205 1721; x_wconf 90' lang='lat' dir='ltr'>deorum</span> 
     </span>
     <span class='ocr_line' id='line_1_24' title="bbox 162 1748 1020 1798; baseline 0 -12"><span class='ocrx_word' id='word_1_131' title='bbox 162 1756 200 1787; x_wconf 89' lang='lat' dir='ltr'>et</span> <span class='ocrx_word' id='word_1_132' title='bbox 229 1748 339 1787; x_wconf 84' lang='lat' dir='ltr'>licuit</span> <span class='ocrx_word' id='word_1_133' title='bbox 368 1748 514 1787; x_wconf 86' lang='lat' dir='ltr'>Faunis</span> <span class='ocrx_word' id='word_1_134' title='bbox 544 1761 707 1798; x_wconf 90' lang='lat' dir='ltr'>poscere</span> <span class='ocrx_word' id='word_1_135' title='bbox 737 1748 827 1787; x_wconf 90' lang='lat' dir='ltr'>vina</span> <span class='ocrx_word' id='word_1_136' title='bbox 857 1750 1020 1787; x_wconf 88' lang='lat' dir='ltr'>Iovem:</span> 
     </span>
     <span class='ocr_line' id='line_1_25' title="bbox 110 1813 1447 1862; baseline 0 -10"><span class='ocrx_word' id='word_1_137' title='bbox 110 1821 218 1852; x_wconf 90' lang='lat' dir='ltr'>tanta</span> <span class='ocrx_word' id='word_1_138' title='bbox 247 1821 333 1851; x_wconf 88' lang='lat' dir='ltr'>tuas</span> <span class='ocrx_word' id='word_1_139' title='bbox 364 1813 575 1860; x_wconf 89' lang='lat' dir='ltr'>celebrant,</span> <span class='ocrx_word' id='word_1_140' title='bbox 609 1814 766 1861; x_wconf 88' lang='lat' dir='ltr'>Caesar,</span> <span class='ocrx_word' id='word_1_141' title='bbox 798 1813 979 1852; x_wconf 82' lang='lat' dir='ltr'>convivia</span> <span class='ocrx_word' id='word_1_142' title='bbox 1007 1815 1165 1862; x_wconf 84' lang='lat' dir='ltr'>laurus;</span> <span class='ocrx_word' id='word_1_143' title='bbox 1431 1831 1447 1861; x_wconf 86' lang='lat'><strong><em>5</em></strong></span> 
     </span>
     <span class='ocr_line' id='line_1_26' title="bbox 163 1878 987 1928; baseline 0 -11"><span class='ocrx_word' id='word_1_144' title='bbox 163 1878 380 1918; x_wconf 83' lang='lat' dir='ltr'>exhilarant</span> <span class='ocrx_word' id='word_1_145' title='bbox 408 1878 515 1928; x_wconf 90' lang='lat' dir='ltr'>ipsos</span> <span class='ocrx_word' id='word_1_146' title='bbox 544 1879 688 1928; x_wconf 84' lang='lat' dir='ltr'>gaudia</span> <span class='ocrx_word' id='word_1_147' title='bbox 717 1886 851 1917; x_wconf 87' lang='lat' dir='ltr'>nostra</span> <span class='ocrx_word' id='word_1_148' title='bbox 879 1880 987 1917; x_wconf 90' lang='lat' dir='ltr'>deos.</span> 
     </span>
     <span class='ocr_line' id='line_1_27' title="bbox 109 1943 1274 1994; baseline 0 -12"><span class='ocrx_word' id='word_1_149' title='bbox 109 1944 279 1984; x_wconf 90' lang='lat' dir='ltr'>vescitur</span> <span class='ocrx_word' id='word_1_150' title='bbox 308 1943 438 1982; x_wconf 85' lang='lat' dir='ltr'>omnis</span> <span class='ocrx_word' id='word_1_151' title='bbox 468 1957 590 1993; x_wconf 89' lang='lat' dir='ltr'>eques</span> <span class='ocrx_word' id='word_1_152' title='bbox 620 1952 752 1982; x_wconf 90' lang='lat' dir='ltr'>tecum</span> <span class='ocrx_word' id='word_1_153' title='bbox 782 1945 1034 1994; x_wconf 90' lang='lat' dir='ltr'>populusque</span> <span class='ocrx_word' id='word_1_154' title='bbox 1064 1951 1274 1994; x_wconf 90' lang='lat' dir='ltr'>patresque</span> 
     </span>
     <span class='ocr_line' id='line_1_28' title="bbox 164 2008 1162 2059; baseline -0.001 -11"><span class='ocrx_word' id='word_1_155' title='bbox 164 2018 202 2048; x_wconf 86' lang='lat' dir='ltr'>et</span> <span class='ocrx_word' id='word_1_156' title='bbox 232 2009 337 2059; x_wconf 87' lang='lat' dir='ltr'>capit</span> <span class='ocrx_word' id='word_1_157' title='bbox 365 2008 583 2047; x_wconf 87' lang='lat' dir='ltr'>ambrosias</span> <span class='ocrx_word' id='word_1_158' title='bbox 613 2022 704 2047; x_wconf 85' lang='lat' dir='ltr'>eum</span> <span class='ocrx_word' id='word_1_159' title='bbox 735 2010 838 2047; x_wconf 89' lang='lat' dir='ltr'>duce</span> <span class='ocrx_word' id='word_1_160' title='bbox 868 2010 1001 2047; x_wconf 87' lang='lat' dir='ltr'>Roma</span> <span class='ocrx_word' id='word_1_161' title='bbox 1028 2010 1162 2059; x_wconf 89' lang='lat' dir='ltr'>dapes.</span> 
     </span>
    </p>
   </div>
   <div class='ocr_carea' id='block_1_8' title="bbox 110 2110 1449 2417">
    <p class='ocr_par' dir='ltr' id='par_1_13' title="bbox 111 2110 1446 2197">
     <span class='ocr_line' id='line_1_29' title="bbox 155 2110 1446 2154; baseline 0.001 -10"><span class='ocrx_word' id='word_1_162' title='bbox 155 2113 251 2144; x_wconf 91' lang='lat' dir='ltr'>XLV</span> <span class='ocrx_word' id='word_1_163' title='bbox 274 2123 294 2152; x_wconf 86' lang='lat'>3</span> <span class='ocrx_word' id='word_1_164' title='bbox 317 2112 397 2144; x_wconf 88' lang='lat' dir='ltr'>limo</span> <span class='ocrx_word' id='word_1_165' title='bbox 414 2111 504 2143; x_wconf 85' lang='lat' dir='ltr'>codd.</span> <span class='ocrx_word' id='word_1_166' title='bbox 521 2115 560 2142; x_wconf 86' lang='lat' dir='ltr'>ut</span> <span class='ocrx_word' id='word_1_167' title='bbox 574 2111 636 2143; x_wconf 79' lang='lat' dir='ltr'><em>vid.</em></span> <span class='ocrx_word' id='word_1_168' title='bbox 654 2111 803 2153; x_wconf 84' lang='lat' dir='ltr'>(sedlino</span> <span class='ocrx_word' id='word_1_169' title='bbox 815 2110 896 2147; x_wconf 61' lang='lat' dir='ltr'>XG)</span> <span class='ocrx_word' id='word_1_170' title='bbox 987 2122 1006 2151; x_wconf 87' lang='lat'>5</span> <span class='ocrx_word' id='word_1_171' title='bbox 1031 2112 1197 2152; x_wconf 84' lang='lat' dir='ltr'>contingit</span> <span class='ocrx_word' id='word_1_172' title='bbox 1213 2112 1263 2143; x_wconf 74' lang='lat' dir='ltr'>CA</span> <span class='ocrx_word' id='word_1_173' title='bbox 1277 2114 1354 2154; x_wconf 83' lang='lat' dir='ltr'>(pro</span> <span class='ocrx_word' id='word_1_174' title='bbox 1368 2116 1446 2154; x_wconf 72' lang='lat' dir='ltr'>-et?)</span> 
     </span>
     <span class='ocr_line' id='line_1_30' title="bbox 111 2155 998 2197; baseline -0.002 -9"><span class='ocrx_word' id='word_1_175' title='bbox 111 2167 127 2196; x_wconf 88' lang='lat'><em>7</em></span> <span class='ocrx_word' id='word_1_176' title='bbox 153 2157 306 2197; x_wconf 85' lang='lat' dir='ltr'>cytheria</span> <span class='ocrx_word' id='word_1_177' title='bbox 321 2156 375 2187; x_wconf 66' lang='lat' dir='ltr'>BA</span> <span class='ocrx_word' id='word_1_178' title='bbox 392 2167 398 2186; x_wconf 94' lang='lat'><strong>:</strong></span> <span class='ocrx_word' id='word_1_179' title='bbox 423 2157 586 2195; x_wconf 85' lang='lat' dir='ltr'>cytherea</span> <span class='ocrx_word' id='word_1_180' title='bbox 603 2156 652 2186; x_wconf 79' lang='lat' dir='ltr'>CA</span> <span class='ocrx_word' id='word_1_181' title='bbox 712 2158 732 2187; x_wconf 90' lang='lat'>8</span> <span class='ocrx_word' id='word_1_182' title='bbox 749 2160 819 2186; x_wconf 87' lang='lat' dir='ltr'>turn</span> <span class='ocrx_word' id='word_1_183' title='bbox 835 2155 998 2186; x_wconf 78' lang='lat' dir='ltr'>Heinsius</span> 
     </span>
    </p>

    <p class='ocr_par' dir='ltr' id='par_1_14' title="bbox 110 2198 1449 2285">
     <span class='ocr_line' id='line_1_31' title="bbox 155 2198 1449 2239; baseline -0.001 -7"><span class='ocrx_word' id='word_1_184' title='bbox 155 2200 285 2232; x_wconf 90' lang='lat' dir='ltr'>XLVII</span> <span class='ocrx_word' id='word_1_185' title='bbox 311 2199 383 2231; x_wconf 76' lang='lat' dir='ltr'>hab.</span> <span class='ocrx_word' id='word_1_186' title='bbox 403 2199 437 2230; x_wconf 88' lang='lat' dir='ltr'><em>R</em></span> <span class='ocrx_word' id='word_1_187' title='bbox 453 2227 458 2233; x_wconf 83' lang='grc'><strong><em>,</em></strong></span> <span class='ocrx_word' id='word_1_188' title='bbox 549 2210 563 2230; x_wconf 90' lang='lat'>1</span> <span class='ocrx_word' id='word_1_189' title='bbox 591 2210 666 2230; x_wconf 82' lang='lat' dir='ltr'>rasa</span> <span class='ocrx_word' id='word_1_190' title='bbox 684 2205 735 2230; x_wconf 83' lang='lat' dir='ltr'>est</span> <span class='ocrx_word' id='word_1_191' title='bbox 751 2199 864 2230; x_wconf 76' lang='lat' dir='ltr'>AACA</span> <span class='ocrx_word' id='word_1_192' title='bbox 881 2211 888 2231; x_wconf 92' lang='lat'>:</span> <span class='ocrx_word' id='word_1_193' title='bbox 912 2210 987 2230; x_wconf 86' lang='lat' dir='ltr'>rasa</span> <span class='ocrx_word' id='word_1_194' title='bbox 1004 2198 1061 2229; x_wconf 71' lang='grc' dir='ltr'>ΒΑ</span> <span class='ocrx_word' id='word_1_195' title='bbox 1076 2211 1083 2230; x_wconf 77' lang='lat' dir='ltr'><strong><em>z</em></strong></span> <span class='ocrx_word' id='word_1_196' title='bbox 1097 2200 1178 2239; x_wconf 80' lang='lat' dir='ltr'>sort.</span> <span class='ocrx_word' id='word_1_197' title='bbox 1199 2205 1306 2231; x_wconf 81' lang='lat' dir='ltr'>rasast</span> <span class='ocrx_word' id='word_1_198' title='bbox 1429 2212 1449 2231; x_wconf 87' lang='lat'>2</span> 
     </span>
     <span class='ocr_line' id='line_1_32' title="bbox 110 2243 1332 2285; baseline -0.001 -10"><span class='ocrx_word' id='word_1_199' title='bbox 110 2256 144 2285; x_wconf 89' lang='lat' dir='ltr'>p.</span> <span class='ocrx_word' id='word_1_200' title='bbox 166 2245 263 2275; x_wconf 82' lang='lat' dir='ltr'>uulsa</span> <span class='ocrx_word' id='word_1_201' title='bbox 281 2248 334 2275; x_wconf 85' lang='lat' dir='ltr'>est</span> <span class='ocrx_word' id='word_1_202' title='bbox 348 2243 465 2274; x_wconf 75' lang='lat' dir='ltr'>AABA</span> <span class='ocrx_word' id='word_1_203' title='bbox 481 2255 489 2274; x_wconf 88' lang='lat'>:</span> <span class='ocrx_word' id='word_1_204' title='bbox 513 2254 544 2283; x_wconf 91' lang='lat' dir='ltr'>p.</span> <span class='ocrx_word' id='word_1_205' title='bbox 566 2243 626 2274; x_wconf 80' lang='lat' dir='ltr'>tibi</span> <span class='ocrx_word' id='word_1_206' title='bbox 643 2244 739 2274; x_wconf 88' lang='lat' dir='ltr'>uulsa</span> <span class='ocrx_word' id='word_1_207' title='bbox 756 2243 804 2274; x_wconf 77' lang='lat' dir='ltr'>CA</span> <span class='ocrx_word' id='word_1_208' title='bbox 895 2248 990 2283; x_wconf 86' lang='lat' dir='ltr'>putat</span> <span class='ocrx_word' id='word_1_209' title='bbox 1005 2243 1118 2274; x_wconf 71' lang='lat' dir='ltr'>AACA</span> <span class='ocrx_word' id='word_1_210' title='bbox 1134 2255 1141 2274; x_wconf 74' lang='grc' dir='ltr'>ε</span> <span class='ocrx_word' id='word_1_211' title='bbox 1166 2249 1262 2282; x_wconf 90' lang='lat' dir='ltr'>putet</span> <span class='ocrx_word' id='word_1_212' title='bbox 1277 2244 1332 2274; x_wconf 79' lang='grc' dir='ltr'>ΒΑ</span> 
     </span>
    </p>

    <p class='ocr_par' dir='ltr' id='par_1_15' title="bbox 116 2285 1447 2373">
     <span class='ocr_line' id='line_1_33' title="bbox 156 2285 1447 2329; baseline -0.001 -10"><span class='ocrx_word' id='word_1_213' title='bbox 156 2288 305 2319; x_wconf 91' lang='lat' dir='ltr'>XLVIII</span> <span class='ocrx_word' id='word_1_214' title='bbox 333 2298 347 2317; x_wconf 93' lang='lat'>1</span> <span class='ocrx_word' id='word_1_215' title='bbox 375 2287 495 2318; x_wconf 87' lang='lat' dir='ltr'>Nescis</span> <span class='ocrx_word' id='word_1_216' title='bbox 514 2287 569 2317; x_wconf 70' lang='grc' dir='ltr'>ΒΑ</span> <span class='ocrx_word' id='word_1_217' title='bbox 680 2297 700 2326; x_wconf 90' lang='lat'>5</span> <span class='ocrx_word' id='word_1_218' title='bbox 724 2287 812 2327; x_wconf 84' lang='lat' dir='ltr'>sapit</span> <span class='ocrx_word' id='word_1_219' title='bbox 829 2285 858 2317; x_wconf 94' lang='lat' dir='ltr'>L</span> <span class='ocrx_word' id='word_1_220' title='bbox 948 2291 1118 2318; x_wconf 80' lang='lat' dir='ltr'>scurtatas</span> <span class='ocrx_word' id='word_1_221' title='bbox 1136 2287 1204 2328; x_wconf 69' lang='lat' dir='ltr'><em>(Ps‘,</em></span> <span class='ocrx_word' id='word_1_222' title='bbox 1223 2287 1385 2319; x_wconf 84' lang='lat' dir='ltr'>scitantas</span> <span class='ocrx_word' id='word_1_223' title='bbox 1403 2288 1447 2329; x_wconf 78' lang='lat' dir='ltr'>Q)</span> 
     </span>
     <span class='ocr_line' id='line_1_34' title="bbox 116 2330 1135 2373; baseline -0.002 -10"><span class='ocrx_word' id='word_1_224' title='bbox 116 2332 165 2364; x_wconf 84' lang='lat' dir='ltr'>vel</span> <span class='ocrx_word' id='word_1_225' title='bbox 179 2336 348 2362; x_wconf 83' lang='lat' dir='ltr'>saturatas</span> <span class='ocrx_word' id='word_1_226' title='bbox 367 2332 430 2373; x_wconf 87' lang='lat' dir='ltr'>(-ta</span> <span class='ocrx_word' id='word_1_227' title='bbox 446 2330 493 2372; x_wconf 84' lang='lat' dir='ltr'>L&gt;</span> <span class='ocrx_word' id='word_1_228' title='bbox 511 2331 567 2361; x_wconf 81' lang='grc' dir='ltr'>ΒΑ</span> <span class='ocrx_word' id='word_1_229' title='bbox 711 2332 731 2361; x_wconf 90' lang='grc'>8</span> <span class='ocrx_word' id='word_1_230' title='bbox 755 2341 822 2370; x_wconf 91' lang='lat' dir='ltr'>quo</span> <span class='ocrx_word' id='word_1_231' title='bbox 839 2331 868 2361; x_wconf 91' lang='lat' dir='ltr'>L</span> <span class='ocrx_word' id='word_1_232' title='bbox 959 2331 1067 2370; x_wconf 85' lang='lat' dir='ltr'>possit</span> <span class='ocrx_word' id='word_1_233' title='bbox 1086 2330 1135 2361; x_wconf 61' lang='lat' dir='ltr'>CA</span> 
     </span>
    </p>

    <p class='ocr_par' dir='ltr' id='par_1_16' title="bbox 157 2374 1322 2417">
     <span class='ocr_line' id='line_1_35' title="bbox 157 2374 1322 2417; baseline 0 -11"><span class='ocrx_word' id='word_1_234' title='bbox 157 2375 273 2406; x_wconf 88' lang='lat' dir='ltr'>XLIX</span> <span class='ocrx_word' id='word_1_235' title='bbox 297 2385 316 2415; x_wconf 92' lang='lat'>5</span> <span class='ocrx_word' id='word_1_236' title='bbox 341 2385 458 2406; x_wconf 86' lang='lat' dir='ltr'>caesar</span> <span class='ocrx_word' id='word_1_237' title='bbox 475 2374 559 2417; x_wconf 74' lang='lat' dir='ltr'>(ce-)</span> <span class='ocrx_word' id='word_1_238' title='bbox 578 2374 751 2406; x_wconf 84' lang='lat' dir='ltr'>celebrant</span> <span class='ocrx_word' id='word_1_239' title='bbox 766 2374 844 2406; x_wconf 66' lang='lat' dir='ltr'>BA:</span> <span class='ocrx_word' id='word_1_240' title='bbox 867 2374 1017 2405; x_wconf 89' lang='lat' dir='ltr'>celebrat</span> <span class='ocrx_word' id='word_1_241' title='bbox 1033 2385 1151 2406; x_wconf 83' lang='lat' dir='ltr'>caesar</span> <span class='ocrx_word' id='word_1_242' title='bbox 1169 2375 1253 2417; x_wconf 81' lang='lat' dir='ltr'>(ce-)</span> <span class='ocrx_word' id='word_1_243' title='bbox 1274 2374 1322 2407; x_wconf 75' lang='lat' dir='ltr'>CA</span> 
     </span>
    </p>
   </div>
  </div>
 </body>
</html>
