1648 2729
200 122 256 159 M.
287 121 411 159 VAL.
443 121 758 161 MARTIALIS

709 235 811 272 XIV

305 305 452 342 Versus
481 303 650 343 scribere
678 318 796 355 posse
825 312 863 343 te
892 304 1058 344 disertos

305 370 501 416 adfirmas,
533 369 698 409 Laberi:
738 370 834 420 quid
865 384 957 421 ergo
986 385 1068 410 non
1097 370 1187 409 vis?

304 448 438 473 versus
468 434 637 473 scribere
667 435 733 485 qui
763 443 893 486 potest
922 435 1099 484 disertos,

306 499 540 547 conscribat,
574 498 739 538 Laberi:
778 499 905 538 virum
935 501 1096 551 putabo.

722 611 800 647 XV

202 687 308 724 Dum
340 687 614 724 Phaethontea
642 685 808 724 formica
836 694 997 736 vagatur
1025 686 1065 724 in
1096 687 1246 735 umbra,

253 750 435 800 inplicuit
464 758 624 789 tenuem
655 751 792 789 sucina
821 759 931 801 gutta
958 753 1092 790 feram.

201 816 257 854 sic
287 817 409 854 modo
439 829 541 865 quae
570 817 696 854 fuerat
725 816 804 854 vita
833 824 1062 867 contempta
1091 825 1288 865 manente,

254 881 456 919 funeribus
486 882 589 920 facta
618 889 676 920 est
705 895 812 920 nunc
841 881 1012 931 pretiosa
1040 882 1130 921 suis.

698 986 822 1023 XVII
851 987 855 990 ’

311 1061 494 1109 Cinnam,
527 1061 733 1109 Cinname,
767 1070 804 1100 te
833 1061 946 1101 iubes
975 1062 1116 1101 vocari.
1159 1078 1163 1081 ·

310 1140 391 1164 non
422 1134 480 1165 est
508 1126 584 1174 hic,
615 1140 721 1177 rogo,
754 1127 893 1174 Cinna,
924 1127 1219 1167 barbarismus?

312 1200 352 1229 tu
383 1191 414 1229 si
444 1191 583 1229 Furius
612 1199 704 1230 ante
734 1191 862 1230 dictus
892 1205 1009 1240 esses,

313 1258 391 1294 Fur
419 1256 493 1295 ista
522 1256 673 1295 ratione
702 1256 896 1296 dicereris.

690 1367 837 1403 XVIII

205 1442 349 1479 Sancta
379 1440 555 1479 Salonini
586 1441 695 1479 terris
725 1441 936 1492 requiescit
966 1442 1141 1490 Hiberis,

259 1518 337 1555 qua
366 1505 505 1543 melior
535 1505 685 1556 Stygias
715 1520 797 1544 non
825 1507 933 1545 videt
962 1508 1102 1546 umbra
1131 1509 1284 1547 domos.

205 1571 275 1608 sed
304 1572 435 1620 lugere
464 1572 600 1609 nefas:
640 1585 731 1609 nam
762 1571 830 1621 qui
859 1580 908 1619 te,
941 1572 1082 1620 Prisce,
1114 1572 1281 1624 reliquit,

259 1635 353 1674 vivit
383 1649 461 1685 qua
490 1635 614 1674 voluit
643 1636 772 1675 vivere
801 1645 911 1687 parte
940 1637 1074 1687 magis.

718 1748 820 1784 XIX

314 1816 408 1854 Non
439 1817 488 1854 de
518 1815 554 1854 vi
585 1830 715 1866 neque
745 1818 868 1856 caede
897 1831 971 1856 nec
1000 1831 1165 1866 veneno,

314 1882 384 1919 sed
414 1880 459 1918 lis
490 1889 547 1919 est
578 1881 674 1919 mihi
704 1883 755 1920 de
785 1882 908 1921 tribus
939 1883 1126 1932 capellis:

313 1945 431 1984 vicini
461 1960 603 1996 queror
632 1948 702 1985 has
731 1948 871 1986 abesse
899 1949 1013 1987 furto.

314 2012 391 2049 hoc
420 2011 538 2049 iudex
567 2011 642 2050 sibi
671 2014 845 2061 postulat
873 2013 1057 2063 probari:

315 2083 356 2113 tu
387 2076 546 2115 Cannas
578 2076 975 2128 Mithridaticumque
1005 2079 1153 2117 bellum

252 2178 334 2209 XIV
355 2188 375 2216 4
400 2179 591 2209 conscribat
607 2179 831 2211 Schneidewin
847 2193 854 2211 :
879 2192 948 2212 non
965 2181 1088 2212 scribat
1104 2181 1192 2213 codd.

252 2222 315 2252 XV
338 2222 414 2254 hab.
437 2222 496 2253 TR
576 2233 588 2252 1
617 2234 692 2262 uag.
712 2223 809 2256 form.
828 2224 890 2264 CA,
905 2225 964 2255 sed
977 2235 1054 2256 corr.
1075 2229 1112 2256 ut
1130 2225 1194 2257 vid.

214 2264 302 2304 TLQ
391 2267 549 2297 madente
570 2266 617 2297 CA

252 2309 351 2339 XVII
380 2319 393 2339 1
422 2310 565 2340 Cinnam
593 2311 728 2340 cinnam
753 2311 807 2340 BA
827 2311 898 2351 (sed
910 2311 1076 2342 Cinname
1092 2312 1201 2343 cinam
1218 2312 1264 2352 Ρ)

254 2352 371 2382 XVIII
397 2353 471 2384 hab.
496 2354 555 2384 TR
687 2364 706 2384 2
731 2355 850 2386 domus
866 2355 920 2385 ΒΑ

1526 2095 1544 2126 5

1342 2235 1362 2265 3
1386 2231 1545 2257 contenta

253 2395 340 2425 XIX
363 2396 438 2428 hab.
462 2397 491 2427 Τ
536 2407 549 2426 1
576 2397 618 2428 de
634 2397 684 2438 vi]
703 2397 770 2428 diui
786 2398 840 2428 BA
986 2408 1006 2438 5
1033 2398 1181 2430 Carrhas
1195 2398 1278 2431 Luc.
1297 2398 1428 2432 Maller.
