1648 2729
732 138 1201 177 EPIGRAMMATON
1232 140 1335 177 LIB.
1370 141 1435 177 III

102 265 153 289 an
183 250 333 289 otiosus
362 249 402 288 in
431 251 568 289 schola
595 258 802 300 poetarum

103 317 237 366 lepore
267 315 410 354 tinctos
440 315 575 354 Attico
605 317 704 354 sales
734 318 896 354 narrat?

103 380 196 419 hinc
223 379 255 419 si
283 380 454 428 recessit,
484 380 681 430 porticum
711 380 799 419 terit
828 380 965 430 templi
1399 399 1436 420 10

101 459 152 485 an
181 445 308 496 spatia
337 446 459 496 carpit
488 448 617 485 lentus
645 449 994 497 Argonautarum?

101 525 152 550 an
182 511 375 550 delicatae
404 513 486 550 sole
515 525 645 550 rursus
676 514 861 562 Europae

103 576 204 615 inter
232 583 413 626 tepentes
443 584 533 627 post
563 576 727 616 meridie
756 578 882 616 buxos

102 643 214 681 sedet
242 642 469 680 ambulatve
497 642 596 681 liber
622 642 778 681 acribus
808 642 942 682 curis?

101 706 235 745 Titine
264 706 426 745 thermis
454 721 505 745 an
533 708 684 746 lavatur
710 708 909 758 Agrippae
1400 722 1437 754 15

101 785 153 810 an
182 771 359 822 inpudici
389 773 533 811 balneo
561 772 765 823 Tigillini?

101 851 153 876 an
184 851 270 876 rure
299 838 405 876 Tulli
434 838 573 876 fruitur
600 846 720 888 atque
750 838 935 877 Lucani?

102 916 153 941 an
184 902 374 941 Pollionis
403 904 521 942 dulce
549 903 667 941 currit
696 905 747 942 ad
777 906 993 954 quartum?

102 981 154 1006 an
182 967 397 1006 aestuantis
427 967 504 1006 iam
536 970 733 1018 profectus
762 970 814 1007 ad
845 968 960 1006 Baias

103 1033 212 1084 piger
242 1033 414 1072 Lucrino
444 1035 678 1072 nauculatur
706 1034 746 1072 in
776 1036 945 1084 stagno?
1400 1049 1440 1070 20

107 1097 199 1137 ‘Vis
229 1098 327 1137 scire
356 1098 453 1149 quid
481 1107 570 1150 agat
601 1098 750 1139 Canius
780 1101 903 1138 tuus?
951 1098 1097 1138 Ridet)

614 1189 714 1225 XXI

105 1250 373 1302 Proscriptum
402 1253 573 1290 famulus
603 1252 769 1291 servavit
798 1254 926 1291 fronte
956 1259 1125 1290 notatus.

157 1318 253 1356 Non
282 1316 354 1356 fuit
383 1319 482 1356 haec
511 1317 665 1356 domini
694 1317 783 1366 vita,
816 1319 886 1357 sed
916 1317 1073 1356 invidia.

600 1412 724 1449 XXII

107 1477 296 1523 Dederas,
328 1475 456 1526 Apici,
488 1475 548 1514 bis
578 1475 786 1514 trecenties
816 1475 952 1523 ventri,

105 1548 144 1579 et
172 1542 305 1580 adhuc
334 1548 535 1591 supererat
564 1540 712 1580 centies
743 1540 815 1579 tibi
844 1542 987 1579 laxum.

105 1607 183 1644 hoc
212 1613 254 1644 tu
283 1614 463 1657 gravatus
493 1614 536 1645 ut
565 1608 712 1645 famem
741 1614 780 1645 et
810 1606 915 1645 sitim
945 1608 1043 1645 ferre

104 1684 261 1710 summa
288 1685 487 1710 venenum
517 1671 680 1721 potione
708 1672 901 1722 perduxti.

106 1736 217 1775 Nihil
246 1744 314 1784 est,
347 1736 475 1787 Apici,
507 1737 579 1776 tibi
607 1737 783 1787 gulosius
812 1739 971 1776 facturn.
1422 1753 1439 1784 5

590 1832 739 1869 XXIII

107 1893 254 1934 Omnia
283 1908 374 1933 cum
403 1902 506 1934 retro
535 1895 666 1945 pueris
696 1895 864 1934 obsonia
892 1896 1034 1942 tradas,

159 1973 229 1999 cur
257 1974 338 1998 non
368 1974 506 1999 mensa
534 1960 607 1999 tibi
634 1960 794 2011 ponitur
822 1974 845 1998 a
873 1960 1073 2011 pedibus?

148 2075 169 2104 9
193 2065 321 2095 tinctus
335 2065 457 2096 atticos
471 2064 527 2094 ΒΑ
663 2074 703 2095 10
727 2065 825 2095 ressit
841 2064 897 2095 BA
985 2064 1050 2095 teri
1069 2064 1126 2094 BA
1146 2070 1221 2105 (seq.
1243 2065 1270 2101 t)
1404 2075 1441 2094 12

106 2108 200 2139 rufus
223 2107 281 2138 BA
306 2109 338 2149 (i.
357 2118 381 2140 e.
410 2108 520 2139 Rufus
531 2109 580 2148 ’ὣς
604 2119 722 2139 rursus
748 2108 796 2140 CA
941 2118 979 2147 14
1003 2108 1195 2139 ambulatue
1218 2108 1295 2138 BA:
1326 2109 1441 2138 ambu-

106 2151 221 2191 latque
235 2152 281 2182 CA
437 2161 475 2191 15
493 2152 613 2183 Petine
632 2152 680 2183 CA
837 2152 876 2182 16
893 2151 1107 2191 inpudicibus
1124 2152 1159 2182 in
1176 2162 1218 2182 eo
1236 2151 1285 2183 CA
1302 2151 1326 2192 <i
1337 2156 1399 2191 pro
1414 2151 1439 2191 l)

109 2205 124 2225 1
165 2205 242 2225 rura
255 2195 303 2226 CA
489 2225 493 2230 ,

130 2205 235 2269 7ΧΧΙ
260 2238 334 2270 hab.
354 2238 388 2269 R
524 2249 538 2269 1
565 2238 773 2279 proscriptus
793 2238 842 2269 CA
929 2244 1045 2270 notata
1059 2239 1141 2269 AA:
1164 2243 1300 2269 notatus
1316 2237 1421 2269 BACA

152 2282 256 2312 XXII
281 2293 300 2312 2
325 2283 386 2313 sed
406 2282 492 2325 (set)
502 2283 577 2314 BA:
600 2287 634 2313 et
646 2283 694 2313 CA
771 2287 911 2322 superat
926 2282 983 2312 BA
1057 2283 1171 2312 luxum
1184 2282 1232 2313 CA
1244 2281 1314 2321 (sed
1327 2281 1440 2312 laxum

107 2325 178 2362 A):
202 2326 283 2356 luxu
299 2326 375 2358 Ital.
489 2336 509 2365 3
527 2326 634 2357 ferres
653 2326 702 2357 CA
818 2336 838 2364 4
863 2327 1021 2366 perduxti
1036 2324 1172 2357 Scriver.
1192 2337 1199 2357 :
1222 2325 1348 2357 duxisti
1364 2325 1421 2356 BA
1436 2338 1443 2356 :

107 2369 266 2409 perduxit
284 2369 332 2401 CA
464 2379 483 2408 5
508 2370 591 2401 nihil
608 2370 663 2400 BA
678 2382 685 2401 :
708 2370 838 2401 nullum
857 2370 905 2401 CA

150 2412 271 2443 XXIII
300 2423 314 2443 1
340 2413 455 2452 pueris
471 2418 564 2445 retro
583 2414 632 2445 CA
720 2418 845 2445 tractas
863 2413 914 2445 CA
932 2413 1005 2454 (pro
1022 2413 1167 2453 tracla53
1191 2412 1293 2454 clpro
1311 2413 1345 2453 d)

152 2477 259 2498 MART.
280 2477 332 2499 ΕΡ.
351 2477 398 2498 sc.
417 2477 472 2500 ΕΙ).
1336 2468 1357 2498 5
