1648 2729
185 128 242 165 M.
272 128 395 166 VAL.
432 128 748 166 MARTIALIS

703 242 782 278 XV

185 311 297 350 Mille
326 311 397 350 tibi
427 325 613 350 nummos
642 313 826 350 hesterna
855 313 943 351 luce
972 311 1124 362 roganti

236 376 276 414 in
307 391 373 415 sex
401 385 468 415 aut
498 385 661 427 septem,
693 377 929 424 Caeciliane,
960 377 1045 416 dies

188 443 302 481 ‘Non
333 442 484 481 habeo’
514 441 617 480 dixi:
657 443 727 480 sed
757 450 798 480 tu
828 450 1011 481 causatus
1040 442 1157 481 amici

237 508 452 546 adventum
482 509 636 545 lancem
666 521 872 557 paucaque
901 521 994 546 vasa
1022 522 1145 558 rogas.

185 574 334 611 Stultus
364 574 437 611 es?
474 586 525 610 an
555 574 718 611 stultum
750 586 813 611 me
842 573 980 620 credis,
1012 573 1169 612 amice?
1206 573 1345 624 negavi
1498 589 1515 621 5

237 638 344 676 mille
373 637 443 676 tibi
473 651 670 685 nummos,
702 637 809 675 milia
837 637 1015 688 quinque
1043 639 1182 677 dabo?

669 716 817 752 XVIII

187 782 277 828 Qua
305 779 434 818 vicina
462 779 562 830 pluit
590 779 775 830 Vipsanis
805 787 917 829 porta
946 780 1142 818 columnis

239 853 277 883 et
307 846 441 884 madet
469 844 640 884 adsiduo
669 845 843 883 lubricus
873 844 999 884 imbre
1028 846 1138 896 lapis,
1192 855 1196 859 ’

185 910 225 948 in
255 911 432 961 iugulum
462 910 584 960 pueri,
616 910 683 960 qui
712 910 867 949 roscida
897 918 1000 949 tecta
1028 910 1197 958 subibat,

240 975 389 1014 decidit
418 975 586 1014 hiberno
615 975 834 1026 praegravis
864 977 972 1014 unda
1001 978 1113 1026 gelu:

186 1055 358 1091 cumque
386 1040 598 1091 peregisset
628 1040 758 1080 miseri
787 1041 960 1080 crudelia
988 1043 1077 1088 fata,
1502 1059 1519 1090 5

241 1106 367 1145 tabuit
396 1106 436 1144 in
467 1106 597 1145 calido
626 1108 785 1145 volnere
815 1120 953 1145 mucro
982 1115 1103 1145 tener.

189 1171 297 1220 Quid
327 1185 407 1210 non
438 1185 553 1210 saeva
582 1171 657 1210 sibi
685 1172 809 1210 voluit
839 1174 1013 1210 Fortuna
1042 1171 1186 1211 licere?

241 1245 308 1275 aut
337 1237 405 1276 ubi
434 1251 516 1276 non
546 1251 651 1276 mors
681 1245 749 1284 est,
782 1236 814 1275 si
842 1236 1025 1287 iugulatis
1054 1240 1212 1288 aquae?

692 1315 793 1351 XIX

190 1381 309 1418 Hanc
338 1379 410 1418 tibi
440 1379 685 1429 Sequanicae
714 1379 901 1430 pinguem
931 1379 1102 1418 textricis
1131 1381 1344 1428 alumnam,

242 1457 344 1494 quae
374 1443 737 1482 Lacedaemonium
768 1444 932 1482 barbara
960 1458 1109 1483 nomen
1138 1445 1268 1492 habet,

189 1509 358 1556 sordida,
391 1510 461 1547 sed
490 1509 622 1558 gelido
651 1523 731 1547 non
761 1511 1009 1559 aspernanda
1038 1510 1254 1549 Decembri

244 1576 360 1622 dona,
393 1574 638 1625 peregrinam
669 1574 860 1613 mittimus
890 1575 1203 1614 endromidaz—

190 1655 259 1679 seu
289 1643 440 1679 lentum
471 1654 628 1679 ceroma
658 1641 748 1679 teris
778 1641 1007 1691 tepidumve
1036 1641 1190 1691 trigona
1503 1658 1521 1690 5

244 1705 325 1745 sive
353 1707 536 1755 harpasta
566 1719 685 1744 manu
715 1708 987 1756 pulverulenta
1015 1706 1132 1757 rapis,

190 1773 348 1821 plumea
377 1785 445 1809 seu
475 1771 551 1809 lavi
579 1771 730 1821 partiris
760 1774 937 1822 pondera
964 1772 1067 1811 follis

245 1836 326 1875 sive
355 1838 482 1875 levem
512 1850 628 1875 cursu
657 1837 815 1876 vincere
845 1838 999 1888 quaeris
1027 1839 1218 1876 Athan—

191 1916 241 1941 ne
271 1901 452 1940 madidos
483 1901 598 1940 intret
628 1903 871 1952 penetrabile
900 1903 1018 1953 frigus
1047 1903 1087 1941 in
1116 1911 1222 1942 artus

244 1981 344 2006 neve
372 1967 497 2017 gravis
527 1967 657 2005 subita
686 1976 723 2006 te
752 1976 904 2018 premat
934 1968 1006 2006 Iris
1036 1982 1149 2018 aqua.
1325 1957 1327 1959 i
1487 1985 1526 2006 10

191 2031 337 2071 ridebis
366 2040 505 2071 ventos
535 2033 612 2071 hoc
642 2047 805 2072 munere
834 2041 961 2072 tectus
990 2041 1029 2072 et
1057 2033 1193 2072 imbris

246 2111 320 2136 nec
350 2097 405 2136 sic
434 2097 474 2134 in
504 2097 622 2147 Tyria
651 2097 820 2137 sindone
849 2106 956 2137 tutus
986 2098 1071 2137 eris.

237 2195 301 2225 XV
324 2196 396 2228 lzab.
422 2195 467 2234 T;
493 2207 543 2227 vv.
564 2207 624 2226 1-—2
641 2196 714 2227 lzab.
734 2197 767 2226 R
903 2207 917 2227 1
944 2202 1086 2227 externa
1105 2197 1152 2228 CA
1301 2206 1321 2226 2
1345 2196 1524 2228 meciliane

193 2250 271 2269 corr.
292 2249 364 2269 cec-
384 2240 431 2270 CA
449 2243 485 2269 ut
498 2240 563 2271 vid.
582 2241 633 2281 (in
651 2241 763 2272 lemm.
781 2250 829 2270 AD
846 2242 1101 2277 CAECILIANVM)

236 2282 353 2313 XVIII
378 2283 451 2314 lzab.
478 2283 508 2314 T
646 2294 660 2314 1
686 2289 803 2324 sporta
821 2285 869 2315 CA
1010 2295 1029 2314 2
1054 2289 1168 2315 manet
1185 2283 1235 2314 CA
1377 2294 1394 2324 7
1419 2284 1477 2324 qui
1499 2283 1529 2315 T

192 2326 212 2355 8
236 2326 492 2408 ξέΙῐὶιέηζυΤΙ-«ψ,
517 2381 604 2409 9-12
628 2371 702 2402 hah.
727 2370 757 2401 T
908 2382 921 2402 1
949 2371 1025 2402 Hac
1049 2395 1056 2403 .
1083 2395 1090 2402 .
1117 2394 1124 2402 .
1151 2371 1286 2401 alumna
1309 2371 1358 2402 CA
1504 2382 1523 2410 4

192 2413 339 2443 -medam
358 2413 404 2443 T:
428 2414 540 2444 -meda
551 2414 604 2443 BA
620 2426 627 2446 :
650 2414 730 2444 -mia
747 2414 794 2444 CA
883 2416 903 2445 8
926 2416 1000 2445 sive
1017 2414 1057 2456 1.]
1074 2414 1215 2445 silenem
1232 2414 1280 2444 CA
1336 2424 1434 2445 cursu
1445 2414 1522 2446 BA:

194 2456 264 2487 fors
284 2456 329 2488 CA
349 2457 476 2497 &forsan
495 2456 588 2488 36²³
724 2468 762 2487 12
786 2458 907 2489 sidone
923 2458 1031 2490 BACA
1083 2462 1176 2489 tutus
1191 2457 1332 2490 ΑΑΒΑε
1355 2458 1465 2490 cultus
1477 2458 1525 2489 CA
