1648 2729
706 143 1174 182 EPIGRAMMATON
1208 145 1312 183 LIB.
1344 145 1426 183 VII

601 255 708 293 VIII

92 329 211 367 Nunc
239 328 393 377 hilares,
425 329 456 368 si
486 331 648 380 quando
679 330 786 378 mihi,
818 344 926 369 nunc
955 330 1091 379 ludite,
1125 333 1292 371 Musae:

144 392 269 432 victor
295 394 346 432 ab
377 394 548 445 Odrysio
577 394 755 433 redditur
783 395 880 434 orbe
909 396 1020 434 deus.

91 465 197 496 certa
224 458 320 497 facis
349 459 486 510 populi
516 467 558 498 tu
588 459 736 510 primus
766 467 869 507 vota,
904 461 1152 499 December:

145 523 222 562 iarn
252 523 343 563 licet
372 524 521 576 ingenti
551 525 683 565 dicere
711 539 810 564 voce
842 525 1037 565 ‘Venitl'

90 588 181 627 felix
210 597 313 628 sorte
342 593 432 629 tua!
488 598 644 641 poteras
673 605 754 630 non
784 592 925 630 cedere
955 592 1067 639 Iano,

143 654 288 704 gaudia
317 655 348 694 si
377 655 493 695 nobis
523 670 624 707 quae
653 656 765 696 dabit
794 656 858 696 ille
887 658 1013 697 dares.

90 720 189 758 festa
219 728 429 760 coronatus
459 723 569 761 ludet
598 721 777 761 convicia
806 721 929 770 miles,

145 785 246 824 inter
274 786 485 838 laurigeros
515 801 607 826 cum
637 801 772 826 comes
802 786 875 826 ibit
904 801 1039 838 equos.

90 852 146 889 fas
175 851 312 891 audire
340 852 450 891 iocos
479 853 705 903 levioraque
733 853 919 901 carmina,
951 854 1110 901 Caesar,

145 924 183 955 et
212 916 294 964 tibi,
326 916 357 956 si
387 919 495 956 lusus
524 917 609 968 ipse
638 917 860 969 triumphus
890 925 1007 956 amat.

623 1024 682 1061 IX

92 1092 195 1131 Cum
226 1090 426 1143 sexaginta
454 1100 635 1132 numeret
664 1092 882 1133 Cascellius
911 1106 1049 1141 annos,

145 1157 372 1208 ingeniosus
401 1159 524 1197 homo
553 1167 635 1197 est:
675 1160 837 1209 quando
866 1158 1036 1198 disertus
1066 1158 1169 1198 erit?

622 1260 681 1296 XI

199 1328 319 1379 Cogis
348 1342 413 1367 me
441 1331 595 1368 calamo
625 1342 826 1380 manuque
855 1337 988 1368 nostra

199 1395 412 1433 emendare
441 1408 563 1442 meos,
596 1396 768 1442 Pudens,
801 1395 967 1434 libellos.

199 1472 223 1498 o
252 1472 371 1510 quam
402 1474 466 1499 me
495 1460 661 1498 nimium
692 1461 836 1511 probas
865 1473 1055 1511 amasque

199 1524 266 1575 qui
295 1525 352 1564 vis
381 1527 612 1576 archetypas
642 1526 788 1564 habere
818 1528 965 1576 nugas!

605 1626 690 1663 XII

93 1694 156 1734 Sic
186 1708 250 1734 me
278 1696 406 1734 fronte
435 1697 538 1746 legat
568 1696 767 1744 dominus,
799 1695 997 1742 Faustine,
1030 1708 1169 1734 serena

146 1760 393 1811 excipiatque
424 1775 533 1800 meos
563 1775 643 1812 qua
671 1763 772 1800 solet
800 1775 894 1800 aure
923 1761 1044 1808 iocos,

91 1833 133 1866 ut
162 1839 252 1865 mea
279 1840 354 1865 nec
382 1826 484 1865 iuste
513 1840 614 1877 quos
643 1826 728 1866 odit
757 1826 900 1878 pagina
929 1825 1040 1865 laesit

145 1898 184 1930 et
213 1890 310 1929 mihi
338 1893 390 1930 de
419 1893 528 1930 nullo
558 1893 663 1930 fama
691 1892 834 1931 rubore
863 1893 1004 1942 placet.

91 1956 188 2006 quid
216 1957 389 2007 prodest,
420 1956 582 2008 cupiant
611 1971 702 1995 cum
732 1956 896 2007 quidam
925 1963 1058 1994 nostra
1087 1954 1220 2002 videri,

145 2021 177 2061 si
206 2035 285 2073 qua
314 2023 542 2073 Lycambeo
572 2022 762 2073 sanguine
791 2023 868 2061 tela
899 2022 1072 2068 madent,

91 2087 373 2138 vipereumque
401 2095 535 2126 vomat
563 2095 699 2126 nostro
728 2088 803 2127 sub
832 2087 994 2126 nomine
1023 2086 1139 2134 virus,

146 2153 214 2203 qui
244 2153 398 2192 Phoebi
427 2153 557 2192 radios
587 2154 686 2192 ferre
715 2152 903 2203 diemque
933 2153 1080 2203 negat?

134 2256 218 2287 VIII
243 2267 262 2287 2
288 2257 393 2288 drisio
412 2257 458 2288 CA
502 2253 506 2259 ’
581 2257 735 2288 redditur
752 2256 809 2298 (E)
828 2256 878 2288 vel
890 2256 1043 2287 redditus
1063 2253 1164 2295 (XA)
1185 2253 1234 2285 CA

1393 934 1432 956 10

90 2299 197 2331 facies
215 2300 263 2331 CA
281 2304 320 2332 ut
333 2301 397 2332 vid.
531 2311 550 2340 5
574 2300 701 2340 poteris
717 2299 747 2330 L
881 2301 902 2329 6
926 2300 1027 2330 dabat
1042 2298 1099 2329 BA
1232 2297 1282 2328 IX
1305 2297 1378 2328 hab.
1398 2264 1432 2328 Izi}

136 2344 187 2374 XI
215 2354 229 2374 1
248 2354 348 2376 manu
365 2355 398 2376 n.
414 2345 472 2384 (L)
489 2345 539 2376 vel
552 2354 722 2384 manuque
740 2355 771 2375 n.
787 2343 873 2385 (ΩΙ)
892 2344 941 2374 vel
956 2352 1126 2382 manuque
1143 2341 1281 2372 sinistra
1296 2340 1359 2384 (P)
1375 2340 1432 2372 BA

137 2387 203 2418 XII
229 2398 278 2419 vv,
300 2398 371 2428 1—4‚
397 2399 485 2428 9-12
510 2388 583 2419 hab.
609 2388 655 2428 T;
678 2398 729 2419 vv.
751 2397 810 2417 1—2
835 2387 909 2418 hab.
928 2387 961 2417 R
1182 2396 1199 2424 7
1224 2389 1338 2416 uomat
1353 2385 1432 2416 BA:

93 2436 232 2462 uomant
250 2431 298 2462 CA
388 2432 541 2473 nomine]
561 2436 702 2472 pectore
717 2430 748 2461 L
765 2434 841 2462 ante
857 2441 936 2462 corr.

1240 2481 1302 2515 10*
