1648 2729
177 146 231 182 M.
265 145 387 183 VAL.
421 145 734 184 MARTIALIS

174 269 266 293 nam
296 257 377 294 duo
407 257 457 294 de
487 264 620 295 tenera
649 256 813 306 puerilia
841 270 1007 307 corpora
1036 259 1160 305 turba,

229 321 485 371 sanguineam
516 321 646 360 rastris
676 336 778 372 quae
807 323 1022 361 renovabat
1052 324 1230 371 humum,

174 399 311 425 saevos
341 393 380 425 et
408 386 542 425 infelix
571 386 697 425 furiali
727 388 846 426 dente
876 389 1064 438 peremit:

230 452 373 490 Martia
403 465 483 490 non
513 452 610 491 vidit
639 452 765 491 maius
795 454 942 491 harena
971 455 1091 493 nefas.

175 518 407 556 Exclamare
436 517 558 556 libet:
602 517 804 565 ‘crudelis‚
836 520 1001 568 perfide,
1031 520 1190 569 praedo,

227 596 250 620 a
279 590 412 621 nostra
440 582 570 632 pueris
599 596 759 633 parcere
789 584 897 622 disce
927 585 1066 634 lupa!'

661 681 835 718 LXXVI

176 749 340 799 Argenti
370 750 487 788 libras
519 749 670 788 Marius
701 749 773 788 tibi
802 749 980 800 quinque
1011 750 1177 801 reliquit,

169 830 172 834 ·
228 814 291 853 cui
320 813 417 852 nihil
447 814 531 865 ipse
561 815 709 853 dabas:
744 815 808 853 hic
838 814 909 853 tibi
938 816 1058 853 verba
1087 815 1226 854 dedit?

661 908 857 944 LXXVII

175 977 360 1024 Cosconi,
393 977 461 1027 qui
491 979 608 1027 longa
637 984 751 1028 putas
782 978 1065 1028 epigrammata
1094 986 1237 1026 nostra,

228 1041 333 1080 utilis
362 1042 586 1092 unguendis
615 1042 753 1081 axibus
783 1056 868 1082 esse
897 1051 1021 1094 potes.

174 1108 248 1145 hac
277 1115 320 1145 tu
349 1107 561 1146 credideris
591 1109 755 1158 longum
785 1108 936 1147 ratione
967 1111 1151 1148 colosson

228 1180 266 1211 et
295 1186 462 1223 puerum
493 1173 603 1211 Bruti
633 1172 775 1212 dixeris
806 1187 891 1212 esse
920 1175 1092 1213 brevem.

174 1237 283 1276 disce
313 1239 421 1287 quod
450 1237 630 1287 ignoras:
667 1238 790 1277 Marsi
820 1238 1010 1289 doctique
1041 1239 1214 1278 Pedonis

228 1316 346 1353 saepe
375 1305 521 1354 duplex
550 1318 674 1342 unum
705 1305 847 1355 pagina
876 1313 1016 1344 tractat
1046 1319 1157 1356 opus.

176 1383 256 1407 non
289 1377 380 1407 sunt
409 1371 528 1420 longa
556 1369 701 1420 quibus
732 1370 829 1408 nihil
859 1378 918 1409 est
948 1372 1057 1421 quod
1087 1373 1247 1410 demere
1277 1371 1418 1422 possis,

229 1435 299 1472 sed
330 1442 382 1481 tu,
416 1434 602 1482 Cosconi,
634 1435 805 1474 disticha
834 1438 953 1486 longa
982 1436 1087 1475 facis.

661 1532 882 1569 LXXVIII

173 1600 336 1639 Aestivo
366 1614 495 1639 serves
525 1601 592 1639 ubi
623 1601 772 1651 piscem
803 1609 992 1652 tempore,
1024 1602 1208 1652 quaeris?

229 1667 276 1703 In
307 1666 468 1704 thermis
499 1679 618 1714 serva,
652 1666 889 1714 Caeciliane,
921 1667 1008 1706 tuis.

660 1763 835 1800 LXXIX

176 1831 324 1870 Invitas
355 1840 449 1869 tunc
480 1845 543 1870 me
573 1846 663 1870 cum
695 1832 781 1879 scis,
815 1832 970 1879 Nasica,
1003 1846 1175 1871 vocasse.

229 1898 490 1935 Excussatum
521 1898 668 1936 habeas
698 1911 762 1936 me
792 1911 910 1947 rogo:
945 1911 1047 1937 ceno
1077 1897 1196 1936 domi.

660 1995 812 2031 LXXX

176 2065 348 2101 Hostem
378 2077 469 2101 cum
499 2065 660 2113 fugeret,
691 2077 733 2102 se
764 2064 938 2101 Fannius
968 2064 1052 2114 ipse
1082 2064 1257 2114 peremit.

227 2128 302 2176 hic,
334 2141 439 2178 rogo,
472 2142 553 2167 non
583 2130 688 2166 furor
718 2130 787 2176 est,
820 2142 870 2167 ne
900 2129 1078 2177 moriare,
1109 2129 1239 2167 mori?

219 2230 363 2261 LXXVI
387 2230 461 2262 hab.
483 2229 513 2261 T
602 2241 615 2261 1
644 2231 804 2270 relinquit
824 2230 855 2262 T
984 2242 1004 2262 2
1028 2242 1102 2263 cum
1124 2231 1154 2262 T

216 2317 399 2348 LXXVIII
424 2318 499 2349 hab.
515 2317 547 2347 R

219 2361 370 2391 LXXIX
393 2361 467 2393 hah.
485 2361 519 2391 R
612 2372 624 2391 1
645 2371 784 2392 uocasse
801 2361 918 2391 AABA
935 2374 941 2392 :
966 2367 1121 2394 uocatum
1142 2362 1191 2393 CA

219 2404 352 2435 LXXX
369 2404 440 2436 hab.
459 2405 502 2444 R,
522 2408 550 2435 et
565 2404 695 2445 quidem
712 2409 786 2435 ante
801 2405 983 2436 LXXVIII
995 2407 1183 2436 collocatum

1385 2231 1409 2253 Α

218 2273 382 2304 LXXVII
408 2274 482 2306 hab.
502 2273 533 2305 T
618 2285 637 2305 2
662 2275 824 2313 urgendis
841 2274 917 2307 Ital.
1052 2286 1072 2315 5
1096 2275 1205 2317 disce]
1227 2232 1342 2307 (1(ξὲὶέξέῑ
1360 2232 1388 2264 C

1470 600 1509 621 10

1318 2417 1337 2436 2
1358 2406 1442 2437 haec
1456 2405 1505 2437 CA
