1648 2729
217 179 273 217 M.
305 180 427 217 VAL.
462 179 776 217 MARTIALIS

215 301 330 327 saeva
358 289 483 326 ferum
511 287 650 326 rabido
679 285 862 326 laceravit
889 286 1009 325 dente
1037 286 1218 324 leonem:

268 366 329 392 res
358 367 471 400 nova,
501 367 583 392 non
613 352 700 391 ullis
730 351 887 402 cognita
915 350 1169 401 temporibus.

215 431 311 457 ausa
339 426 397 457 est
426 420 503 457 tale
532 418 641 465 nihil,
673 417 777 456 silvis
807 418 903 455 dum
933 416 1025 454 vixit
1054 415 1093 453 in
1123 415 1234 453 altis:
1526 432 1542 463 5

269 491 480 533 postquam
511 483 611 522 inter
640 496 712 521 nos
742 490 810 529 est,
842 483 930 532 plus
958 480 1120 519 feritatis
1150 480 1280 519 habet.

770 565 872 602 XIX

216 635 296 685 Qui
327 636 448 674 modo
477 649 546 686 per
574 642 697 673 totam
728 633 896 672 flammis
926 633 1147 671 stimulatus
1176 633 1362 671 harenam

268 702 475 739 sustulerat
504 708 632 750 raptas
662 707 794 737 taurus
823 699 863 737 in
892 706 994 737 astra
1023 698 1132 748 pilas,

215 765 402 804 occubuit
431 766 592 804 tandem
623 772 789 803 cornuto
818 765 988 804 †adore†
1018 763 1174 813 petitus,

268 832 364 869 dum
394 830 548 869 facilem
580 829 662 868 tolli
692 829 747 868 sic
777 830 988 879 elephanta
1016 836 1138 878 putat.

766 913 844 949 XX

216 985 318 1023 Cum
348 990 497 1033 peteret
525 996 612 1032 pars
642 983 740 1020 haec
772 980 982 1031 Myrinum,
1015 994 1102 1031 pars
1132 980 1198 1019 illa
1225 980 1502 1032 Triumphum,

267 1048 446 1098 promisit
475 1047 617 1097 pariter
648 1048 792 1086 Caesar
821 1054 986 1096 utraque
1016 1060 1147 1084 manu.

214 1127 294 1152 non
324 1112 452 1163 potuit
481 1112 620 1151 melius
650 1112 758 1151 litem
788 1112 899 1150 finire
928 1111 1114 1150 iocosam.

269 1180 305 1218 O
335 1180 451 1218 dulce
481 1178 616 1217 invicti
645 1177 832 1228 principis
863 1177 1090 1228 ingenium!

716 1256 816 1293 XXI

214 1325 422 1375 Quidquid
452 1325 490 1363 in
522 1326 684 1375 Orpheo
716 1326 915 1374 Rhodope
945 1332 1143 1375 spectasse
1172 1325 1324 1364 theatro

267 1390 420 1437 dicitur,
452 1390 640 1436 exhibuit,
674 1390 830 1437 Caesar,
861 1391 1008 1427 harena
1037 1389 1120 1427 tibi.

212 1464 415 1506 repserunt
445 1454 597 1505 scopuli
627 1454 886 1504 mirandaque
915 1454 1011 1493 silva
1039 1454 1219 1501 cucurrit,

267 1522 382 1570 quale
410 1520 529 1558 fuisse
558 1533 697 1558 nemus
727 1520 898 1558 creditur
927 1519 1209 1569 Hesperidum.

213 1585 337 1624 adfuit
367 1585 574 1623 inmixtum
605 1585 737 1634 pecori
767 1598 891 1635 genus
921 1598 1040 1623 omne
1069 1585 1237 1622 ferarum
1527 1601 1544 1632 5

268 1659 306 1689 et
335 1664 451 1701 supra
480 1658 609 1689 vatem
639 1652 763 1688 muita
791 1650 982 1700 pependit
1011 1648 1104 1696 avis,

214 1717 297 1766 ipse
327 1717 395 1754 sed
425 1715 575 1765 ingrato
606 1715 723 1754 iacuit
752 1717 943 1754 laceratus
972 1715 1023 1753 ab
1053 1728 1154 1753 urso.

271 1782 384 1818 Haec
414 1788 566 1818 tantum
597 1794 656 1819 res
686 1788 744 1819 est
773 1781 875 1818 facta
903 1779 989 1830 παρ’
1017 1781 1194 1830 ἱστορίαν.

698 1861 797 1896 XXI
820 1859 845 1897 b

216 1931 376 1979 Orphea
405 1929 513 1979 quod
542 1929 673 1967 subito
703 1931 817 1967 tellus
847 1929 976 1967 emisit
1005 1929 1126 1975 hiatu,

267 1994 635 2033 mersa-miramur
647 1994 825 2032 ?—venit
853 1995 904 2033 ab
935 1994 1141 2044 Eurydice.

260 2097 346 2128 XIX
368 2097 438 2129 hab.
459 2096 500 2127 H
715 2106 735 2136 3
759 2108 785 2128 c.
805 2098 926 2128 ardore
942 2097 1016 2128 ltal.
1038 2097 1070 2137 (i.
1084 2108 1107 2128 e.
1130 2097 1290 2128 ‘flammis
1306 2097 1349 2128 de
1365 2097 1543 2128 cornibus'

214 2141 400 2181 Buecheler)
417 2153 423 2171 :
439 2151 544 2172 cornu
562 2140 686 2171 maiore
702 2141 819 2171 Gilbcrt
833 2153 838 2172 :
864 2147 1006 2172 cornuto
1018 2146 1053 2172 ut
1068 2141 1110 2172 ab
1126 2151 1185 2172 ore
1198 2140 1446 2172 Fn'edlaender:
1458 2141 1541 2181 sort.

213 2195 317 2216 cornu
335 2185 481 2215 truciore

259 2228 327 2259 XX
350 2228 421 2260 hab.
441 2227 483 2257 H
603 2237 623 2258 2
647 2227 799 2266 promisit
815 2226 889 2258 Ital.
906 2239 912 2258 :
937 2228 1106 2267 promisce
1121 2226 1205 2259 AA:
1229 2225 1384 2267 promisti
1397 2226 1451 2258 vir
1462 2227 1541 2259 doct.

213 2277 263 2313 ap.
285 2271 492 2302 Lemairium

259 2316 344 2346 XXI
370 2314 442 2346 hab.
463 2314 504 2344 H
602 2314 622 2345 8
646 2318 775 2344 tantum
793 2312 973 2343 Housman
993 2314 1111 2355 (Class.
1130 2315 1210 2346 Rev.
1228 2325 1281 2345 xv.
1305 2315 1405 2354 154):
1428 2319 1541 2346 tamen

214 2358 254 2389 H
338 2358 406 2399 παρ’
423 2356 567 2397 ἱστορίαν
582 2357 762 2388 Housman
780 2368 786 2387 :
814 2356 859 2386 ita
877 2357 1015 2396 pictoria
1031 2358 1071 2388 H
1084 2360 1162 2398 (pm
1178 2357 1438 2398 ΠΑΡῙΕΤΟΡΙΑ)

258 2402 342 2433 XXI
358 2403 377 2433 b
402 2401 473 2432 hab.
493 2401 534 2431 H
647 2411 665 2430 2
691 2410 811 2436 mersa,
832 2400 902 2431 mir.
925 2399 1044 2440 Haupt
1068 2401 1149 2442 Opp.
1178 2401 1220 2433 iii.
1247 2402 1334 2441 598:
1357 2400 1542 2432 versam⁴is

214 2456 308 2477 amur
324 2444 480 2482 H(unde
503 2454 601 2477 versa
626 2444 782 2475 miramur
803 2443 864 2485 T):
898 2454 1055 2483 mersum,
1084 2445 1156 2476 mir.
1182 2445 1324 2478 Munro:
1361 2444 1541 2477 miramur?

214 2499 323 2521 mersa
342 2488 462 2520 Gilbert

1638 2278 1648 2314 ¹.

1639 2318 1648 2631 i
