1648 2729
758 149 1227 189 EPIGRAMMATON
1258 151 1363 188 LIB.
1397 152 1440 189 II

212 262 311 299 haec
339 275 431 299 cum
461 260 623 299 condita
652 268 743 299 sunt
773 262 959 300 madente
990 276 1143 313 mappa.

212 327 419 365 traduntur
447 340 570 377 puero
599 327 767 365 domum
795 328 983 366 ferenda:

213 405 285 430 nos
313 392 587 430 accumbimus
617 391 743 435 otiosa
773 393 896 432 turba.

212 458 326 495 Vllus
356 457 388 496 si
417 458 546 508 pudor
575 465 643 504 est,
677 472 824 509 repone
854 472 1022 497 cenam:
1402 476 1442 497 10

212 535 296 560 eras
326 529 374 569 te,
409 521 644 569 Caeciliane‚
677 535 759 561 non
789 522 939 561 vocavi.

549 617 777 654 XXXVIII

105 686 215 736 Quid
245 686 342 725 mihi
371 687 511 725 reddat
539 700 631 737 ager
659 686 826 738 quaeriS,
859 686 969 734 Line,
1003 688 1313 726 Nomentanus?

161 754 254 791 Hoc
284 752 381 791 mihi
410 752 540 791 reddit
568 766 682 802 ager:
721 761 770 800 te,
804 752 914 800 Line,
946 766 1027 792 non
1057 752 1185 792 video.

628 848 703 885 XL

105 917 173 955 Vri
203 916 410 968 Tongilius
440 919 542 956 male
571 917 715 956 dicitur
734 917 994 956 hemitritaeo.

160 982 251 1021 novi
280 982 452 1021 hominis
481 984 662 1022 fraudes:
700 983 819 1022 esurit
848 992 968 1034 atque
997 983 1089 1022 sitit.

105 1049 274 1087 subdola
303 1050 520 1087 tenduntur
549 1048 688 1087 crassis
718 1062 824 1087 nunc
855 1049 950 1088 retia
980 1049 1114 1096 turdis,

159 1115 300 1152 hamus
329 1121 368 1152 et
397 1113 437 1151 in
467 1115 634 1152 mullum
664 1114 831 1153 mittitur
858 1122 979 1166 atque
1007 1116 1156 1165 lupum.

106 1179 294 1219 Caecuba
323 1187 530 1218 saccentur
557 1193 741 1230 quaeque
771 1194 898 1219 annus
928 1180 1033 1219 coxit
1063 1180 1212 1230 Opimi.

159 1246 383 1283 condantur
411 1259 531 1296 parco
560 1247 670 1284 fusca
700 1247 867 1284 Falerna
897 1246 1009 1284 vitro.

106 1323 244 1349 omnes
274 1310 503 1360 Tongilium
534 1310 679 1349 medici
706 1310 853 1349 iussere
883 1311 1026 1349 lavari:

160 1390 184 1414 o
213 1375 332 1423 stulti,
364 1377 517 1414 febrem
546 1376 704 1415 creditis
734 1378 853 1416 esse?
911 1378 1014 1415 Gula
1044 1384 1114 1415 est.

617 1471 715 1509 XLI

216 1540 343 1580 ‘Ride
372 1540 404 1580 si
433 1540 548 1591 sapis,
579 1555 604 1581 o
633 1543 778 1592 puella,
806 1542 912 1581 ride’

214 1606 434 1656 Paelignus,
465 1615 574 1657 puto,
607 1606 757 1645 dixerat
785 1616 914 1657 poeta.

212 1673 283 1711 sed
312 1685 393 1710 non
423 1671 573 1711 dixerat
602 1672 789 1711 omnibus
818 1673 969 1724 puellis.

211 1751 348 1776 verum
378 1745 421 1776 ut
450 1737 590 1777 dixerit
619 1738 805 1777 omnibus
835 1739 990 1788 puellis,

212 1816 294 1841 non
323 1802 421 1841 dixit
450 1802 548 1842 tibi:
586 1811 629 1842 tu
658 1805 790 1854 puella
819 1818 901 1842 non
931 1818 984 1852 es,
1426 1817 1442 1848 5

211 1875 250 1906 et
279 1875 355 1907 tres
384 1876 476 1907 sunt
505 1868 591 1917 tibi,
621 1869 855 1918 Maximffia,
882 1872 1033 1916 dentes,

212 1935 283 1972 sed
312 1935 430 1983 plane
458 1933 641 1984 piceique
669 1934 879 1986 buxeique.

211 2012 333 2049 quare
361 1999 393 2037 si
423 2001 586 2049 speculo
615 2000 793 2051 mihique
823 2000 961 2047 credis,

211 2064 335 2103 debes
365 2078 446 2103 non
475 2065 588 2104 aliter
616 2065 753 2105 timere
782 2065 915 2114 risum,

148 2168 317 2199 XXXVII
346 2178 383 2199 11
409 2170 535 2200 uocabo
552 2169 613 2199 AA

148 2212 338 2243 XXXVIII
362 2213 436 2244 hab.
458 2213 507 2243 T'
614 2224 634 2244 2
659 2214 780 2244 reddet
799 2214 849 2245 CA
865 2213 942 2255 (pro
959 2213 1081 2247 reddit)

149 2255 212 2285 XL
235 2256 310 2287 hab.
331 2256 361 2286 T
442 2267 462 2286 2
486 2256 623 2288 fraudes
638 2258 777 2289 AABA:
801 2268 913 2288 mores
928 2257 978 2288 CA
1065 2268 1084 2296 3
1109 2257 1219 2288 cernis
1230 2256 1312 2286 AA:
1336 2257 1442 2287 turdis

104 2299 213 2330 BACA
346 2309 364 2338 5
389 2300 568 2331 sincentur
590 2301 637 2332 T:
660 2302 832 2333 siccentur
847 2301 926 2331 BA:
950 2306 1128 2332 saccentur
1147 2300 1197 2331 CA
1308 2301 1441 2339 opimus

108 2343 158 2374 CA
227 2344 248 2373 6
271 2344 466 2374 conduntur
483 2344 533 2376 T:
556 2346 724 2376 condatur
744 2345 793 2376 CA
809 2348 902 2385 (cum
915 2345 958 2381 L)
1031 2344 1105 2375 fusa
1122 2344 1200 2375 AA:
1223 2344 1318 2374 fusca
1333 2343 1443 2374 BACA

148 2386 229 2417 XLI
254 2397 305 2419 vv.
324 2389 400 2427 6-7,
420 2398 506 2428 9-23
522 2388 596 2420 hab.
621 2389 651 2419 T
668 2393 698 2419 et
712 2389 844 2429 quidem
860 2389 920 2420 lwc
932 2388 1044 2420 ordine
1059 2388 1239 2429 dispositos,
1259 2398 1291 2428 9,
1315 2397 1364 2427 10,
1387 2398 1436 2427 12,

108 2440 158 2468 11,
177 2431 207 2469 6,
230 2441 258 2471 7,
281 2440 320 2469 13
337 2442 406 2471 sqq.
528 2433 550 2463 6
573 2432 624 2475 et]
642 2443 720 2463 nam
736 2433 798 2463 ΛΑ

153 2495 260 2517 MART.
281 2495 334 2516 ΕΡ.
352 2494 400 2518 sc.
421 2496 477 2518 ED-
1336 2488 1356 2516 4
