<?xml version="1.0" encoding="UTF-8"?>
<!DOCTYPE html PUBLIC "-//W3C//DTD XHTML 1.0 Transitional//EN"
    "http://www.w3.org/TR/xhtml1/DTD/xhtml1-transitional.dtd">
<html xmlns="http://www.w3.org/1999/xhtml" xml:lang="en" lang="en">
 <head>
  <title>
</title>
<meta http-equiv="Content-Type" content="text/html;charset=utf-8" />
  <meta name='ocr-system' content='tesseract 3.04.00' />
  <meta name='ocr-capabilities' content='ocr_page ocr_carea ocr_par ocr_line ocrx_word'/>
</head>
<body>
  <div class='ocr_page' id='page_1' title='image "./epigrammatasele00martuoft_0238.png"; bbox 0 0 1648 2729; ppageno 0'>
   <div class='ocr_carea' id='block_1_1' title="bbox 237 178 796 217">
    <p class='ocr_par' dir='ltr' id='par_1_1' title="bbox 237 178 796 217">
     <span class='ocr_line' id='line_1_1' title="bbox 237 178 796 217; baseline 0.005 -3"><span class='ocrx_word' id='word_1_1' title='bbox 237 178 294 214; x_wconf 93' lang='lat' dir='ltr'>M.</span> <span class='ocrx_word' id='word_1_2' title='bbox 325 178 449 215; x_wconf 91' lang='lat' dir='ltr'>VAL.</span> <span class='ocrx_word' id='word_1_3' title='bbox 481 178 796 217; x_wconf 91' lang='lat' dir='ltr'>MARTIALIS</span> 
     </span>
    </p>
   </div>
   <div class='ocr_carea' id='block_1_2' title="bbox 235 290 1574 927">
    <p class='ocr_par' dir='ltr' id='par_1_2' title="bbox 236 290 1095 341">
     <span class='ocr_line' id='line_1_2' title="bbox 236 290 1095 341; baseline 0.003 -14"><span class='ocrx_word' id='word_1_4' title='bbox 236 302 337 338; x_wconf 90' lang='lat' dir='ltr'>quae</span> <span class='ocrx_word' id='word_1_5' title='bbox 366 291 596 340; x_wconf 90' lang='lat' dir='ltr'>sulphurato</span> <span class='ocrx_word' id='word_1_6' title='bbox 626 290 724 329; x_wconf 89' lang='lat' dir='ltr'>nolit</span> <span class='ocrx_word' id='word_1_7' title='bbox 753 297 888 341; x_wconf 90' lang='lat' dir='ltr'>empta</span> <span class='ocrx_word' id='word_1_8' title='bbox 915 299 1095 330; x_wconf 86' lang='lat' dir='ltr'>ramento</span> 
     </span>
    </p>

    <p class='ocr_par' dir='ltr' id='par_1_3' title="bbox 236 354 984 405">
     <span class='ocr_line' id='line_1_3' title="bbox 236 354 984 405; baseline 0.003 -13"><span class='ocrx_word' id='word_1_9' title='bbox 236 354 485 393; x_wconf 83' lang='lat' dir='ltr'>Vatiniorum</span> <span class='ocrx_word' id='word_1_10' title='bbox 516 363 731 405; x_wconf 77' lang='lat' dir='ltr'>proxeneta</span> <span class='ocrx_word' id='word_1_11' title='bbox 759 357 984 403; x_wconf 87' lang='lat' dir='ltr'>fractorum,</span> 
     </span>
    </p>

    <p class='ocr_par' dir='ltr' id='par_1_4' title="bbox 235 420 1570 533">
     <span class='ocr_line' id='line_1_4' title="bbox 236 420 1570 471; baseline 0.001 -13"><span class='ocrx_word' id='word_1_12' title='bbox 236 427 353 469; x_wconf 92' lang='lat' dir='ltr'>poeta</span> <span class='ocrx_word' id='word_1_13' title='bbox 382 421 545 470; x_wconf 90' lang='lat' dir='ltr'>quidam</span> <span class='ocrx_word' id='word_1_14' title='bbox 575 420 834 459; x_wconf 83' lang='lat' dir='ltr'>clancularius</span> <span class='ocrx_word' id='word_1_15' title='bbox 865 421 1010 471; x_wconf 82' lang='lat' dir='ltr'>spargit</span> <span class='ocrx_word' id='word_1_16' title='bbox 1553 439 1570 470; x_wconf 84' lang='lat'>5</span> 
     </span>
     <span class='ocr_line' id='line_1_5' title="bbox 235 485 1223 533; baseline 0.003 -11"><span class='ocrx_word' id='word_1_17' title='bbox 235 493 273 523; x_wconf 89' lang='lat' dir='ltr'>et</span> <span class='ocrx_word' id='word_1_18' title='bbox 302 487 383 523; x_wconf 88' lang='lat' dir='ltr'>volt</span> <span class='ocrx_word' id='word_1_19' title='bbox 412 485 534 524; x_wconf 86' lang='lat' dir='ltr'>videri</span> <span class='ocrx_word' id='word_1_20' title='bbox 563 493 707 524; x_wconf 86' lang='lat' dir='ltr'>nostra.</span> <span class='ocrx_word' id='word_1_21' title='bbox 768 486 907 526; x_wconf 82' lang='lat' dir='ltr'>Credis</span> <span class='ocrx_word' id='word_1_22' title='bbox 938 487 1026 533; x_wconf 92' lang='lat' dir='ltr'>hoc,</span> <span class='ocrx_word' id='word_1_23' title='bbox 1059 486 1223 525; x_wconf 84' lang='lat' dir='ltr'>Prisce?</span> 
     </span>
    </p>

    <p class='ocr_par' dir='ltr' id='par_1_5' title="bbox 235 550 1077 601">
     <span class='ocr_line' id='line_1_6' title="bbox 235 550 1077 601; baseline 0.001 -13"><span class='ocrx_word' id='word_1_24' title='bbox 235 564 332 588; x_wconf 86' lang='lat' dir='ltr'>voce</span> <span class='ocrx_word' id='word_1_25' title='bbox 362 558 405 588; x_wconf 92' lang='lat' dir='ltr'>ut</span> <span class='ocrx_word' id='word_1_26' title='bbox 433 552 617 600; x_wconf 89' lang='lat' dir='ltr'>loquatur</span> <span class='ocrx_word' id='word_1_27' title='bbox 644 550 835 601; x_wconf 82' lang='lat' dir='ltr'>psittacus</span> <span class='ocrx_word' id='word_1_28' title='bbox 865 551 1077 589; x_wconf 89' lang='lat' dir='ltr'>coturnicis</span> 
     </span>
    </p>

    <p class='ocr_par' dir='ltr' id='par_1_6' title="bbox 235 615 1074 666">
     <span class='ocr_line' id='line_1_7' title="bbox 235 615 1074 666; baseline 0.001 -13"><span class='ocrx_word' id='word_1_29' title='bbox 235 623 272 653; x_wconf 88' lang='lat' dir='ltr'>et</span> <span class='ocrx_word' id='word_1_30' title='bbox 302 615 558 666; x_wconf 85' lang='lat' dir='ltr'>concupiscat</span> <span class='ocrx_word' id='word_1_31' title='bbox 587 629 672 654; x_wconf 90' lang='lat' dir='ltr'>esse</span> <span class='ocrx_word' id='word_1_32' title='bbox 703 617 837 655; x_wconf 90' lang='lat' dir='ltr'>Canus</span> <span class='ocrx_word' id='word_1_33' title='bbox 865 618 1074 654; x_wconf 90' lang='lat' dir='ltr'>ascaules?</span> 
     </span>
    </p>

    <p class='ocr_par' dir='ltr' id='par_1_7' title="bbox 236 681 1089 731">
     <span class='ocr_line' id='line_1_8' title="bbox 236 681 1089 731; baseline 0.001 -13"><span class='ocrx_word' id='word_1_34' title='bbox 236 682 379 719; x_wconf 85' lang='lat' dir='ltr'>Procul</span> <span class='ocrx_word' id='word_1_35' title='bbox 407 695 430 719; x_wconf 92' lang='lat' dir='ltr'>a</span> <span class='ocrx_word' id='word_1_36' title='bbox 459 681 600 719; x_wconf 87' lang='lat' dir='ltr'>libellis</span> <span class='ocrx_word' id='word_1_37' title='bbox 630 681 739 731; x_wconf 87' lang='lat' dir='ltr'>nigra</span> <span class='ocrx_word' id='word_1_38' title='bbox 767 681 816 719; x_wconf 89' lang='lat' dir='ltr'>sit</span> <span class='ocrx_word' id='word_1_39' title='bbox 847 681 943 720; x_wconf 91' lang='lat' dir='ltr'>meis</span> <span class='ocrx_word' id='word_1_40' title='bbox 973 683 1089 729; x_wconf 87' lang='lat' dir='ltr'>fama,</span> 
     </span>
    </p>

    <p class='ocr_par' dir='ltr' id='par_1_8' title="bbox 235 746 1574 862">
     <span class='ocr_line' id='line_1_9' title="bbox 235 746 1574 797; baseline 0.002 -13"><span class='ocrx_word' id='word_1_41' title='bbox 235 760 334 796; x_wconf 92' lang='lat' dir='ltr'>quos</span> <span class='ocrx_word' id='word_1_42' title='bbox 364 760 498 785; x_wconf 89' lang='lat' dir='ltr'>rumor</span> <span class='ocrx_word' id='word_1_43' title='bbox 525 747 615 784; x_wconf 89' lang='lat' dir='ltr'>alba</span> <span class='ocrx_word' id='word_1_44' title='bbox 643 760 846 797; x_wconf 89' lang='lat' dir='ltr'>gemmeus</span> <span class='ocrx_word' id='word_1_45' title='bbox 876 747 983 785; x_wconf 90' lang='lat' dir='ltr'>vehit</span> <span class='ocrx_word' id='word_1_46' title='bbox 1015 746 1160 796; x_wconf 86' lang='lat' dir='ltr'>pinna:</span> <span class='ocrx_word' id='word_1_47' title='bbox 1534 764 1574 787; x_wconf 80' lang='grc' dir='ltr'>ιο</span> 
     </span>
     <span class='ocr_line' id='line_1_10' title="bbox 235 812 1142 862; baseline 0.001 -13"><span class='ocrx_word' id='word_1_48' title='bbox 235 826 304 849; x_wconf 93' lang='lat' dir='ltr'>cur</span> <span class='ocrx_word' id='word_1_49' title='bbox 333 825 406 861; x_wconf 87' lang='lat' dir='ltr'>ego</span> <span class='ocrx_word' id='word_1_50' title='bbox 435 812 611 850; x_wconf 89' lang='lat' dir='ltr'>laborem</span> <span class='ocrx_word' id='word_1_51' title='bbox 641 820 759 851; x_wconf 85' lang='lat' dir='ltr'>notus</span> <span class='ocrx_word' id='word_1_52' title='bbox 788 825 874 850; x_wconf 91' lang='lat' dir='ltr'>esse</span> <span class='ocrx_word' id='word_1_53' title='bbox 903 820 983 850; x_wconf 89' lang='lat' dir='ltr'>tam</span> <span class='ocrx_word' id='word_1_54' title='bbox 1013 825 1142 862; x_wconf 90' lang='lat' dir='ltr'>prave,</span> 
     </span>
    </p>

    <p class='ocr_par' dir='ltr' id='par_1_9' title="bbox 236 876 1097 927">
     <span class='ocr_line' id='line_1_11' title="bbox 236 876 1097 927; baseline 0.001 -13"><span class='ocrx_word' id='word_1_55' title='bbox 236 885 416 915; x_wconf 88' lang='lat' dir='ltr'>constare</span> <span class='ocrx_word' id='word_1_56' title='bbox 445 877 561 927; x_wconf 88' lang='lat' dir='ltr'>gratis</span> <span class='ocrx_word' id='word_1_57' title='bbox 591 891 682 916; x_wconf 90' lang='lat' dir='ltr'>cum</span> <span class='ocrx_word' id='word_1_58' title='bbox 712 877 912 915; x_wconf 89' lang='lat' dir='ltr'>silentium</span> <span class='ocrx_word' id='word_1_59' title='bbox 941 876 1097 927; x_wconf 87' lang='lat' dir='ltr'>possit?</span> 
     </span>
    </p>
   </div>
   <div class='ocr_carea' id='block_1_3' title="bbox 768 967 828 1003">
    <p class='ocr_par' dir='ltr' id='par_1_10' title="bbox 768 967 828 1003">
     <span class='ocr_line' id='line_1_12' title="bbox 768 967 828 1003; baseline 0 0"><span class='ocrx_word' id='word_1_60' title='bbox 768 967 828 1003; x_wconf 89' lang='lat' dir='ltr'>IV</span> 
     </span>
    </p>
   </div>
   <div class='ocr_carea' id='block_1_4' title="bbox 235 1036 1573 1804">
    <p class='ocr_par' dir='ltr' id='par_1_11' title="bbox 235 1036 1573 1804">
     <span class='ocr_line' id='line_1_13' title="bbox 236 1036 1299 1087; baseline 0.001 -14"><span class='ocrx_word' id='word_1_61' title='bbox 236 1036 317 1084; x_wconf 83' lang='lat' dir='ltr'>Qui</span> <span class='ocrx_word' id='word_1_62' title='bbox 346 1036 440 1086; x_wconf 87' lang='lat' dir='ltr'>legis</span> <span class='ocrx_word' id='word_1_63' title='bbox 471 1036 711 1087; x_wconf 87' lang='lat' dir='ltr'>Oedipoden</span> <span class='ocrx_word' id='word_1_64' title='bbox 742 1036 1056 1086; x_wconf 84' lang='lat' dir='ltr'>caligantemque</span> <span class='ocrx_word' id='word_1_65' title='bbox 1085 1037 1299 1085; x_wconf 89' lang='lat' dir='ltr'>Thyesten,</span> 
     </span>
     <span class='ocr_line' id='line_1_14' title="bbox 291 1101 1357 1152; baseline -0.001 -11"><span class='ocrx_word' id='word_1_66' title='bbox 291 1102 505 1141; x_wconf 91' lang='lat' dir='ltr'>Colchidas</span> <span class='ocrx_word' id='word_1_67' title='bbox 536 1111 574 1140; x_wconf 89' lang='lat' dir='ltr'>et</span> <span class='ocrx_word' id='word_1_68' title='bbox 603 1104 762 1152; x_wconf 87' lang='lat' dir='ltr'>Scyllas,</span> <span class='ocrx_word' id='word_1_69' title='bbox 795 1102 891 1152; x_wconf 92' lang='lat' dir='ltr'>quid</span> <span class='ocrx_word' id='word_1_70' title='bbox 920 1101 995 1140; x_wconf 89' lang='lat' dir='ltr'>nisi</span> <span class='ocrx_word' id='word_1_71' title='bbox 1025 1109 1200 1140; x_wconf 90' lang='lat' dir='ltr'>monstra</span> <span class='ocrx_word' id='word_1_72' title='bbox 1229 1101 1357 1152; x_wconf 87' lang='lat' dir='ltr'>legis?</span> 
     </span>
     <span class='ocr_line' id='line_1_15' title="bbox 236 1166 1461 1218; baseline 0 -13"><span class='ocrx_word' id='word_1_73' title='bbox 236 1167 331 1216; x_wconf 84' lang='lat' dir='ltr'>quid</span> <span class='ocrx_word' id='word_1_74' title='bbox 361 1167 432 1205; x_wconf 90' lang='lat' dir='ltr'>tibi</span> <span class='ocrx_word' id='word_1_75' title='bbox 461 1176 594 1217; x_wconf 85' lang='lat' dir='ltr'>raptus</span> <span class='ocrx_word' id='word_1_76' title='bbox 626 1169 764 1218; x_wconf 88' lang='lat' dir='ltr'>Hylas,</span> <span class='ocrx_word' id='word_1_77' title='bbox 796 1167 892 1217; x_wconf 91' lang='lat' dir='ltr'>quid</span> <span class='ocrx_word' id='word_1_78' title='bbox 926 1168 1249 1217; x_wconf 86' lang='lat' dir='ltr'>Parthenopaeus</span> <span class='ocrx_word' id='word_1_79' title='bbox 1280 1174 1318 1205; x_wconf 90' lang='lat' dir='ltr'>et</span> <span class='ocrx_word' id='word_1_80' title='bbox 1347 1166 1461 1215; x_wconf 88' lang='lat' dir='ltr'>Attis,</span> 
     </span>
     <span class='ocr_line' id='line_1_16' title="bbox 289 1232 1198 1283; baseline 0 -13"><span class='ocrx_word' id='word_1_81' title='bbox 289 1232 385 1282; x_wconf 88' lang='lat' dir='ltr'>quid</span> <span class='ocrx_word' id='word_1_82' title='bbox 415 1233 486 1271; x_wconf 88' lang='lat' dir='ltr'>tibi</span> <span class='ocrx_word' id='word_1_83' title='bbox 516 1232 707 1271; x_wconf 88' lang='lat' dir='ltr'>dormitor</span> <span class='ocrx_word' id='word_1_84' title='bbox 736 1232 910 1283; x_wconf 89' lang='lat' dir='ltr'>proderit</span> <span class='ocrx_word' id='word_1_85' title='bbox 940 1232 1198 1282; x_wconf 85' lang='lat' dir='ltr'>Endymion?</span> 
     </span>
     <span class='ocr_line' id='line_1_17' title="bbox 235 1297 1569 1348; baseline -0.001 -12"><span class='ocrx_word' id='word_1_86' title='bbox 235 1306 423 1336; x_wconf 80' lang='lat' dir='ltr'>exutusve</span> <span class='ocrx_word' id='word_1_87' title='bbox 452 1312 548 1348; x_wconf 91' lang='lat' dir='ltr'>puer</span> <span class='ocrx_word' id='word_1_88' title='bbox 577 1298 708 1348; x_wconf 88' lang='lat' dir='ltr'>pinnis</span> <span class='ocrx_word' id='word_1_89' title='bbox 738 1298 995 1336; x_wconf 86' lang='lat' dir='ltr'>labentibus?</span> <span class='ocrx_word' id='word_1_90' title='bbox 1033 1305 1100 1336; x_wconf 83' lang='lat' dir='ltr'>aut</span> <span class='ocrx_word' id='word_1_91' title='bbox 1131 1297 1198 1348; x_wconf 92' lang='lat' dir='ltr'>qui</span> <span class='ocrx_word' id='word_1_92' title='bbox 1553 1315 1569 1346; x_wconf 85' lang='lat'>5</span> 
     </span>
     <span class='ocr_line' id='line_1_18' title="bbox 289 1363 1186 1413; baseline -0.001 -12"><span class='ocrx_word' id='word_1_93' title='bbox 289 1363 373 1401; x_wconf 88' lang='lat' dir='ltr'>odit</span> <span class='ocrx_word' id='word_1_94' title='bbox 402 1363 608 1402; x_wconf 86' lang='lat' dir='ltr'>amatrices</span> <span class='ocrx_word' id='word_1_95' title='bbox 641 1363 1004 1413; x_wconf 88' lang='lat' dir='ltr'>Hermaphroditus</span> <span class='ocrx_word' id='word_1_96' title='bbox 1033 1364 1186 1412; x_wconf 85' lang='lat' dir='ltr'>aquas?</span> 
     </span>
     <span class='ocr_line' id='line_1_19' title="bbox 235 1428 1306 1478; baseline 0 -12"><span class='ocrx_word' id='word_1_97' title='bbox 235 1428 331 1478; x_wconf 88' lang='lat' dir='ltr'>quid</span> <span class='ocrx_word' id='word_1_98' title='bbox 361 1437 399 1466; x_wconf 90' lang='lat' dir='ltr'>te</span> <span class='ocrx_word' id='word_1_99' title='bbox 428 1442 529 1466; x_wconf 84' lang='lat' dir='ltr'>vana</span> <span class='ocrx_word' id='word_1_100' title='bbox 558 1428 693 1467; x_wconf 90' lang='lat' dir='ltr'>iuvant</span> <span class='ocrx_word' id='word_1_101' title='bbox 723 1428 888 1466; x_wconf 83' lang='lat' dir='ltr'>miserae</span> <span class='ocrx_word' id='word_1_102' title='bbox 918 1428 1089 1466; x_wconf 87' lang='lat' dir='ltr'>ludibria</span> <span class='ocrx_word' id='word_1_103' title='bbox 1117 1429 1306 1466; x_wconf 88' lang='lat' dir='ltr'>chartae?</span> 
     </span>
     <span class='ocr_line' id='line_1_20' title="bbox 289 1493 1366 1544; baseline -0.002 -12"><span class='ocrx_word' id='word_1_104' title='bbox 289 1496 365 1532; x_wconf 89' lang='lat' dir='ltr'>hoc</span> <span class='ocrx_word' id='word_1_105' title='bbox 395 1495 492 1543; x_wconf 86' lang='lat' dir='ltr'>lege,</span> <span class='ocrx_word' id='word_1_106' title='bbox 524 1495 633 1544; x_wconf 91' lang='lat' dir='ltr'>quod</span> <span class='ocrx_word' id='word_1_107' title='bbox 662 1493 787 1544; x_wconf 90' lang='lat' dir='ltr'>possit</span> <span class='ocrx_word' id='word_1_108' title='bbox 816 1493 947 1532; x_wconf 87' lang='lat' dir='ltr'>dicere</span> <span class='ocrx_word' id='word_1_109' title='bbox 977 1493 1055 1531; x_wconf 85' lang='lat' dir='ltr'>vita</span> <span class='ocrx_word' id='word_1_110' title='bbox 1086 1494 1252 1531; x_wconf 89' lang='lat' dir='ltr'>‘Meum</span> <span class='ocrx_word' id='word_1_111' title='bbox 1282 1494 1366 1531; x_wconf 86' lang='lat' dir='ltr'>est.&#39;</span> 
     </span>
     <span class='ocr_line' id='line_1_21' title="bbox 235 1557 1332 1609; baseline 0.001 -13"><span class='ocrx_word' id='word_1_112' title='bbox 235 1573 315 1597; x_wconf 93' lang='lat' dir='ltr'>non</span> <span class='ocrx_word' id='word_1_113' title='bbox 345 1559 410 1597; x_wconf 93' lang='lat' dir='ltr'>hic</span> <span class='ocrx_word' id='word_1_114' title='bbox 441 1560 671 1606; x_wconf 83' lang='lat' dir='ltr'>Centauros,</span> <span class='ocrx_word' id='word_1_115' title='bbox 704 1573 785 1598; x_wconf 91' lang='lat' dir='ltr'>non</span> <span class='ocrx_word' id='word_1_116' title='bbox 816 1560 1022 1609; x_wconf 87' lang='lat' dir='ltr'>Gorgonas</span> <span class='ocrx_word' id='word_1_117' title='bbox 1054 1557 1332 1608; x_wconf 81' lang='lat' dir='ltr'>Harpyiasque</span> 
     </span>
     <span class='ocr_line' id='line_1_22' title="bbox 287 1622 1573 1674; baseline 0 -12"><span class='ocrx_word' id='word_1_118' title='bbox 287 1624 490 1662; x_wconf 80' lang='lat' dir='ltr'>invenies:</span> <span class='ocrx_word' id='word_1_119' title='bbox 529 1623 734 1662; x_wconf 90' lang='lat' dir='ltr'>hominem</span> <span class='ocrx_word' id='word_1_120' title='bbox 764 1624 907 1674; x_wconf 83' lang='lat' dir='ltr'>pagina</span> <span class='ocrx_word' id='word_1_121' title='bbox 935 1631 1068 1662; x_wconf 91' lang='lat' dir='ltr'>nostra</span> <span class='ocrx_word' id='word_1_122' title='bbox 1097 1622 1208 1673; x_wconf 88' lang='lat' dir='ltr'>sapit.</span> <span class='ocrx_word' id='word_1_123' title='bbox 1534 1640 1573 1662; x_wconf 86' lang='lat'>10</span> 
     </span>
     <span class='ocr_line' id='line_1_23' title="bbox 235 1689 1318 1738; baseline -0.002 -10"><span class='ocrx_word' id='word_1_124' title='bbox 235 1691 312 1728; x_wconf 85' lang='lat' dir='ltr'>Sed</span> <span class='ocrx_word' id='word_1_125' title='bbox 343 1703 424 1728; x_wconf 90' lang='lat' dir='ltr'>non</span> <span class='ocrx_word' id='word_1_126' title='bbox 453 1689 522 1736; x_wconf 85' lang='lat' dir='ltr'>vis,</span> <span class='ocrx_word' id='word_1_127' title='bbox 556 1691 768 1736; x_wconf 89' lang='lat' dir='ltr'>Mamurra,</span> <span class='ocrx_word' id='word_1_128' title='bbox 800 1697 888 1728; x_wconf 89' lang='lat' dir='ltr'>tuos</span> <span class='ocrx_word' id='word_1_129' title='bbox 919 1702 1158 1738; x_wconf 80' lang='lat' dir='ltr'>cognoscere</span> <span class='ocrx_word' id='word_1_130' title='bbox 1189 1701 1318 1727; x_wconf 88' lang='lat' dir='ltr'>mores</span> 
     </span>
     <span class='ocr_line' id='line_1_24' title="bbox 288 1753 1146 1804; baseline 0 -12"><span class='ocrx_word' id='word_1_131' title='bbox 288 1768 362 1793; x_wconf 90' lang='lat' dir='ltr'>nec</span> <span class='ocrx_word' id='word_1_132' title='bbox 392 1763 430 1792; x_wconf 85' lang='lat' dir='ltr'>te</span> <span class='ocrx_word' id='word_1_133' title='bbox 459 1754 580 1793; x_wconf 91' lang='lat' dir='ltr'>scire:</span> <span class='ocrx_word' id='word_1_134' title='bbox 619 1756 725 1804; x_wconf 89' lang='lat' dir='ltr'>legas</span> <span class='ocrx_word' id='word_1_135' title='bbox 755 1754 871 1792; x_wconf 90' lang='lat' dir='ltr'>Aetia</span> <span class='ocrx_word' id='word_1_136' title='bbox 901 1753 1146 1793; x_wconf 88' lang='lat' dir='ltr'>Callimachi.</span> 
     </span>
    </p>
   </div>
   <div class='ocr_carea' id='block_1_5' title="bbox 773 1843 811 1879">
    <p class='ocr_par' dir='ltr' id='par_1_12' title="bbox 773 1843 811 1879">
     <span class='ocr_line' id='line_1_25' title="bbox 773 1843 811 1879; baseline 0 -31"><span class='ocrx_word' id='word_1_137' title='bbox 773 1843 811 1879; x_wconf 73' lang='lat' dir='ltr'>V</span> 
     </span>
    </p>
   </div>
   <div class='ocr_carea' id='block_1_6' title="bbox 234 1913 1183 2094">
    <p class='ocr_par' dir='ltr' id='par_1_13' title="bbox 234 1913 1183 2094">
     <span class='ocr_line' id='line_1_26' title="bbox 235 1913 1183 1963; baseline -0.001 -12"><span class='ocrx_word' id='word_1_138' title='bbox 235 1913 425 1963; x_wconf 85' lang='lat' dir='ltr'>Quisquis</span> <span class='ocrx_word' id='word_1_139' title='bbox 455 1914 628 1951; x_wconf 90' lang='lat' dir='ltr'>stolaeve</span> <span class='ocrx_word' id='word_1_140' title='bbox 657 1926 902 1963; x_wconf 86' lang='lat' dir='ltr'>purpuraeve</span> <span class='ocrx_word' id='word_1_141' title='bbox 932 1920 1183 1962; x_wconf 89' lang='lat' dir='ltr'>contemptor</span> 
     </span>
     <span class='ocr_line' id='line_1_27' title="bbox 234 1977 1086 2028; baseline -0.002 -11"><span class='ocrx_word' id='word_1_142' title='bbox 234 1992 334 2028; x_wconf 90' lang='lat' dir='ltr'>quos</span> <span class='ocrx_word' id='word_1_143' title='bbox 365 1980 492 2017; x_wconf 89' lang='lat' dir='ltr'>colere</span> <span class='ocrx_word' id='word_1_144' title='bbox 521 1979 641 2017; x_wconf 87' lang='lat' dir='ltr'>debet</span> <span class='ocrx_word' id='word_1_145' title='bbox 670 1978 781 2017; x_wconf 87' lang='lat' dir='ltr'>laesit</span> <span class='ocrx_word' id='word_1_146' title='bbox 810 1977 933 2028; x_wconf 89' lang='lat' dir='ltr'>impio</span> <span class='ocrx_word' id='word_1_147' title='bbox 963 1991 1086 2025; x_wconf 84' lang='lat' dir='ltr'>versu,</span> 
     </span>
     <span class='ocr_line' id='line_1_28' title="bbox 235 2042 1079 2094; baseline -0.002 -12"><span class='ocrx_word' id='word_1_148' title='bbox 235 2052 333 2082; x_wconf 90' lang='lat' dir='ltr'>erret</span> <span class='ocrx_word' id='word_1_149' title='bbox 362 2057 431 2094; x_wconf 92' lang='lat' dir='ltr'>per</span> <span class='ocrx_word' id='word_1_150' title='bbox 460 2043 599 2082; x_wconf 89' lang='lat' dir='ltr'>urbem</span> <span class='ocrx_word' id='word_1_151' title='bbox 629 2043 761 2093; x_wconf 87' lang='lat' dir='ltr'>pontis</span> <span class='ocrx_word' id='word_1_152' title='bbox 792 2044 880 2081; x_wconf 86' lang='lat' dir='ltr'>exul</span> <span class='ocrx_word' id='word_1_153' title='bbox 910 2050 949 2081; x_wconf 89' lang='lat' dir='ltr'>et</span> <span class='ocrx_word' id='word_1_154' title='bbox 978 2042 1079 2090; x_wconf 88' lang='lat' dir='ltr'>clivi,</span> 
     </span>
    </p>
   </div>
   <div class='ocr_carea' id='block_1_7' title="bbox 231 2146 1574 2493">
    <p class='ocr_par' dir='ltr' id='par_1_14' title="bbox 234 2146 1570 2276">
     <span class='ocr_line' id='line_1_29' title="bbox 279 2146 1570 2187; baseline -0.001 -9"><span class='ocrx_word' id='word_1_155' title='bbox 279 2148 328 2178; x_wconf 91' lang='lat' dir='ltr'>III</span> <span class='ocrx_word' id='word_1_156' title='bbox 354 2159 374 2187; x_wconf 88' lang='lat'><strong>4</strong></span> <span class='ocrx_word' id='word_1_157' title='bbox 397 2147 585 2178; x_wconf 85' lang='lat' dir='ltr'>vatinorum</span> <span class='ocrx_word' id='word_1_158' title='bbox 611 2147 791 2186; x_wconf 84' lang='lat' dir='ltr'>proxineta</span> <span class='ocrx_word' id='word_1_159' title='bbox 816 2147 1005 2186; x_wconf 87' lang='lat' dir='ltr'>sragrorum</span> <span class='ocrx_word' id='word_1_160' title='bbox 1039 2146 1086 2177; x_wconf 67' lang='lat' dir='ltr'>CA</span> <span class='ocrx_word' id='word_1_161' title='bbox 1243 2154 1262 2184; x_wconf 87' lang='grc'><em>5</em></span> <span class='ocrx_word' id='word_1_162' title='bbox 1288 2150 1393 2185; x_wconf 88' lang='lat' dir='ltr'>poeta</span> <span class='ocrx_word' id='word_1_163' title='bbox 1422 2156 1489 2177; x_wconf 89' lang='lat' dir='ltr'>om.</span> <span class='ocrx_word' id='word_1_164' title='bbox 1522 2146 1570 2177; x_wconf 70' lang='lat' dir='ltr'>CA</span> 
     </span>
     <span class='ocr_line' id='line_1_30' title="bbox 236 2189 1570 2232; baseline -0.001 -10"><span class='ocrx_word' id='word_1_165' title='bbox 236 2202 251 2230; x_wconf 94' lang='lat'><strong>7</strong></span> <span class='ocrx_word' id='word_1_166' title='bbox 278 2192 394 2231; x_wconf 89' lang='lat' dir='ltr'>loquat</span> <span class='ocrx_word' id='word_1_167' title='bbox 420 2193 539 2232; x_wconf 74' lang='lat' dir='ltr'>(—tur2)</span> <span class='ocrx_word' id='word_1_168' title='bbox 563 2191 729 2230; x_wconf 83' lang='lat' dir='ltr'>spittacus</span> <span class='ocrx_word' id='word_1_169' title='bbox 754 2190 803 2221; x_wconf 71' lang='lat' dir='ltr'>CA</span> <span class='ocrx_word' id='word_1_170' title='bbox 935 2191 955 2219; x_wconf 89' lang='lat'>8</span> <span class='ocrx_word' id='word_1_171' title='bbox 980 2200 1031 2220; x_wconf 91' lang='lat' dir='ltr'>co.</span> <span class='ocrx_word' id='word_1_172' title='bbox 1053 2189 1110 2229; x_wconf 84' lang='lat' dir='ltr'>qui</span> <span class='ocrx_word' id='word_1_173' title='bbox 1133 2199 1278 2220; x_wconf 87' lang='lat' dir='ltr'>secanus</span> <span class='ocrx_word' id='word_1_174' title='bbox 1301 2193 1360 2220; x_wconf 87' lang='lat' dir='ltr'>aut</span> <span class='ocrx_word' id='word_1_175' title='bbox 1383 2190 1496 2220; x_wconf 84' lang='lat' dir='ltr'>caules</span> <span class='ocrx_word' id='word_1_176' title='bbox 1521 2190 1570 2221; x_wconf 69' lang='lat' dir='ltr'>CA</span> 
     </span>
     <span class='ocr_line' id='line_1_31' title="bbox 234 2232 1440 2276; baseline -0.002 -10"><span class='ocrx_word' id='word_1_177' title='bbox 234 2246 255 2275; x_wconf 92' lang='lat'><strong>9</strong></span> <span class='ocrx_word' id='word_1_178' title='bbox 280 2235 356 2266; x_wconf 83' lang='lat' dir='ltr'>saxa</span> <span class='ocrx_word' id='word_1_179' title='bbox 374 2235 422 2266; x_wconf 73' lang='lat' dir='ltr'>CA</span> <span class='ocrx_word' id='word_1_180' title='bbox 438 2235 484 2276; x_wconf 79' lang='lat' dir='ltr'>(X</span> <span class='ocrx_word' id='word_1_181' title='bbox 500 2239 560 2274; x_wconf 83' lang='lat' dir='ltr'>pro</span> <span class='ocrx_word' id='word_1_182' title='bbox 578 2234 627 2274; x_wconf 93' lang='lat' dir='ltr'>M)</span> <span class='ocrx_word' id='word_1_183' title='bbox 764 2244 804 2264; x_wconf 91' lang='lat'>10</span> <span class='ocrx_word' id='word_1_184' title='bbox 828 2234 932 2264; x_wconf 88' lang='lat' dir='ltr'>rubor</span> <span class='ocrx_word' id='word_1_185' title='bbox 950 2233 999 2264; x_wconf 72' lang='lat' dir='ltr'>CA</span> <span class='ocrx_word' id='word_1_186' title='bbox 1134 2243 1173 2264; x_wconf 86' lang='lat'>12</span> <span class='ocrx_word' id='word_1_187' title='bbox 1197 2237 1374 2264; x_wconf 84' lang='lat' dir='ltr'>constrare</span> <span class='ocrx_word' id='word_1_188' title='bbox 1391 2232 1440 2263; x_wconf 66' lang='lat' dir='ltr'>CA</span> 
     </span>
    </p>

    <p class='ocr_par' dir='ltr' id='par_1_15' title="bbox 231 2275 1574 2493">
     <span class='ocr_line' id='line_1_32' title="bbox 279 2275 1566 2318; baseline -0.001 -9"><span class='ocrx_word' id='word_1_189' title='bbox 279 2279 326 2309; x_wconf 93' lang='lat' dir='ltr'>IV</span> <span class='ocrx_word' id='word_1_190' title='bbox 348 2280 369 2309; x_wconf 92' lang='lat'><strong>6</strong></span> <span class='ocrx_word' id='word_1_191' title='bbox 393 2279 441 2309; x_wconf 90' lang='lat' dir='ltr'>dit</span> <span class='ocrx_word' id='word_1_192' title='bbox 464 2278 511 2309; x_wconf 73' lang='lat' dir='ltr'>CA</span> <span class='ocrx_word' id='word_1_193' title='bbox 534 2281 571 2309; x_wconf 81' lang='lat' dir='ltr'>ut</span> <span class='ocrx_word' id='word_1_194' title='bbox 590 2277 653 2308; x_wconf 79' lang='lat' dir='ltr'><em>vid.</em></span> <span class='ocrx_word' id='word_1_195' title='bbox 678 2277 771 2318; x_wconf 83' lang='lat' dir='ltr'>(Edit</span> <span class='ocrx_word' id='word_1_196' title='bbox 790 2276 892 2317; x_wconf 85' lang='lat' dir='ltr'>EXC,</span> <span class='ocrx_word' id='word_1_197' title='bbox 913 2277 1018 2307; x_wconf 88' lang='lat' dir='ltr'>Audit</span> <span class='ocrx_word' id='word_1_198' title='bbox 1032 2276 1118 2316; x_wconf 82' lang='lat' dir='ltr'>AG)</span> <span class='ocrx_word' id='word_1_199' title='bbox 1232 2287 1249 2316; x_wconf 91' lang='lat'><strong>7</strong></span> <span class='ocrx_word' id='word_1_200' title='bbox 1274 2276 1367 2307; x_wconf 87' lang='lat' dir='ltr'>iuuat</span> <span class='ocrx_word' id='word_1_201' title='bbox 1384 2275 1436 2307; x_wconf 70' lang='grc' dir='ltr'>ΕΑ</span> <span class='ocrx_word' id='word_1_202' title='bbox 1451 2279 1490 2306; x_wconf 84' lang='lat' dir='ltr'>ut</span> <span class='ocrx_word' id='word_1_203' title='bbox 1504 2276 1566 2308; x_wconf 84' lang='lat' dir='ltr'>vid.</span> 
     </span>
     <span class='ocr_line' id='line_1_33' title="bbox 232 2319 1568 2360; baseline -0.001 -8"><span class='ocrx_word' id='word_1_204' title='bbox 232 2324 252 2352; x_wconf 92' lang='lat'>8</span> <span class='ocrx_word' id='word_1_205' title='bbox 277 2322 344 2354; x_wconf 86' lang='lat' dir='ltr'>vita</span> <span class='ocrx_word' id='word_1_206' title='bbox 360 2333 426 2353; x_wconf 87' lang='lat' dir='ltr'>om.</span> <span class='ocrx_word' id='word_1_207' title='bbox 448 2321 495 2352; x_wconf 64' lang='lat' dir='ltr'>CA</span> <span class='ocrx_word' id='word_1_208' title='bbox 584 2332 605 2360; x_wconf 91' lang='lat'><strong>9</strong></span> <span class='ocrx_word' id='word_1_209' title='bbox 630 2331 692 2351; x_wconf 86' lang='lat' dir='ltr'>nec</span> <span class='ocrx_word' id='word_1_210' title='bbox 710 2331 780 2360; x_wconf 86' lang='lat' dir='ltr'>gor.</span> <span class='ocrx_word' id='word_1_211' title='bbox 799 2320 879 2351; x_wconf 69' lang='lat' dir='ltr'>BA:</span> <span class='ocrx_word' id='word_1_212' title='bbox 903 2331 970 2351; x_wconf 89' lang='lat' dir='ltr'>non</span> <span class='ocrx_word' id='word_1_213' title='bbox 988 2330 1059 2358; x_wconf 86' lang='lat' dir='ltr'>gor.</span> <span class='ocrx_word' id='word_1_214' title='bbox 1081 2320 1131 2352; x_wconf 66' lang='lat' dir='ltr'>CA</span> <span class='ocrx_word' id='word_1_215' title='bbox 1198 2321 1439 2360; x_wconf 86' lang='lat' dir='ltr'>harpatiasque</span> <span class='ocrx_word' id='word_1_216' title='bbox 1457 2319 1568 2355; x_wconf 69' lang='lat' dir='ltr'>(-aci-)</span> 
     </span>
     <span class='ocr_line' id='line_1_34' title="bbox 233 2362 1569 2405; baseline -0.001 -9"><span class='ocrx_word' id='word_1_217' title='bbox 233 2365 288 2395; x_wconf 72' lang='lat' dir='ltr'>BA</span> <span class='ocrx_word' id='word_1_218' title='bbox 389 2376 428 2396; x_wconf 92' lang='lat'>12</span> <span class='ocrx_word' id='word_1_219' title='bbox 451 2365 570 2405; x_wconf 87' lang='lat' dir='ltr'>Aetia]</span> <span class='ocrx_word' id='word_1_220' title='bbox 587 2365 688 2395; x_wconf 84' lang='lat' dir='ltr'>etiam</span> <span class='ocrx_word' id='word_1_221' title='bbox 706 2365 761 2394; x_wconf 75' lang='lat' dir='ltr'>BA</span> <span class='ocrx_word' id='word_1_222' title='bbox 988 2364 1020 2394; x_wconf 92' lang='lat' dir='ltr'>V</span> <span class='ocrx_word' id='word_1_223' title='bbox 1043 2374 1093 2394; x_wconf 85' lang='lat' dir='ltr'>vv.</span> <span class='ocrx_word' id='word_1_224' title='bbox 1114 2373 1176 2402; x_wconf 89' lang='lat'>1-5</span> <span class='ocrx_word' id='word_1_225' title='bbox 1191 2363 1266 2394; x_wconf 75' lang='lat' dir='ltr'>hab.</span> <span class='ocrx_word' id='word_1_226' title='bbox 1288 2363 1319 2394; x_wconf 88' lang='lat' dir='ltr'><em>T</em></span> <span class='ocrx_word' id='word_1_227' title='bbox 1405 2374 1420 2395; x_wconf 73' lang='grc' dir='ltr'>ι</span> <span class='ocrx_word' id='word_1_228' title='bbox 1444 2362 1485 2402; x_wconf 85' lang='lat' dir='ltr'>Q.</span> <span class='ocrx_word' id='word_1_229' title='bbox 1503 2362 1569 2394; x_wconf 88' lang='lat' dir='ltr'>isto</span> 
     </span>
     <span class='ocr_line' id='line_1_35' title="bbox 233 2406 1574 2449; baseline -0.001 -10"><span class='ocrx_word' id='word_1_230' title='bbox 233 2409 310 2439; x_wconf 88' lang='lat' dir='ltr'>leue</span> <span class='ocrx_word' id='word_1_231' title='bbox 329 2409 377 2439; x_wconf 69' lang='lat' dir='ltr'>CA</span> <span class='ocrx_word' id='word_1_232' title='bbox 405 2412 486 2449; x_wconf 78' lang='lat' dir='ltr'>(pro</span> <span class='ocrx_word' id='word_1_233' title='bbox 510 2408 550 2447; x_wconf 85' lang='lat' dir='ltr'>Q.</span> <span class='ocrx_word' id='word_1_234' title='bbox 576 2408 754 2448; x_wconf 82' lang='lat' dir='ltr'>istolaeue,</span> <span class='ocrx_word' id='word_1_235' title='bbox 777 2408 795 2438; x_wconf 80' lang='lat' dir='ltr'>i.</span> <span class='ocrx_word' id='word_1_236' title='bbox 811 2418 834 2439; x_wconf 83' lang='lat' dir='ltr'>e.</span> <span class='ocrx_word' id='word_1_237' title='bbox 864 2407 907 2446; x_wconf 84' lang='lat' dir='ltr'>Q.</span> <span class='ocrx_word' id='word_1_238' title='bbox 933 2407 1101 2444; x_wconf 75' lang='lat' dir='ltr'>stolaeue)</span> <span class='ocrx_word' id='word_1_239' title='bbox 1130 2406 1179 2438; x_wconf 71' lang='lat' dir='ltr'>CA</span> <span class='ocrx_word' id='word_1_240' title='bbox 1299 2416 1517 2446; x_wconf 80' lang='lat' dir='ltr'>pur-pureque</span> <span class='ocrx_word' id='word_1_241' title='bbox 1544 2406 1574 2437; x_wconf 87' lang='lat' dir='ltr'><em>T</em></span> 
     </span>
     <span class='ocr_line' id='line_1_36' title="bbox 231 2449 1433 2493; baseline -0.001 -11"><span class='ocrx_word' id='word_1_242' title='bbox 231 2463 250 2491; x_wconf 86' lang='lat'><strong>3</strong></span> <span class='ocrx_word' id='word_1_243' title='bbox 276 2452 366 2483; x_wconf 88' lang='lat' dir='ltr'>urbis</span> <span class='ocrx_word' id='word_1_244' title='bbox 383 2452 443 2482; x_wconf 63' lang='grc' dir='ltr'>ΑΛ</span> <span class='ocrx_word' id='word_1_245' title='bbox 459 2464 466 2483; x_wconf 88' lang='lat'>:</span> <span class='ocrx_word' id='word_1_246' title='bbox 492 2453 609 2482; x_wconf 88' lang='lat' dir='ltr'>urbem</span> <span class='ocrx_word' id='word_1_247' title='bbox 626 2451 736 2482; x_wconf 67' lang='grc' dir='ltr'>ΒΑΕΔ</span> <span class='ocrx_word' id='word_1_248' title='bbox 824 2452 930 2482; x_wconf 88' lang='lat' dir='ltr'>cliuos</span> <span class='ocrx_word' id='word_1_249' title='bbox 953 2451 984 2482; x_wconf 93' lang='lat' dir='ltr'><em>T</em></span> <span class='ocrx_word' id='word_1_250' title='bbox 996 2451 1126 2493; x_wconf 79' lang='lat' dir='ltr'>(etfort.</span> <span class='ocrx_word' id='word_1_251' title='bbox 1145 2450 1223 2491; x_wconf 75' lang='grc' dir='ltr'>ΑΑ)</span> <span class='ocrx_word' id='word_1_252' title='bbox 1241 2461 1248 2482; x_wconf 91' lang='lat'>:</span> <span class='ocrx_word' id='word_1_253' title='bbox 1271 2450 1367 2482; x_wconf 85' lang='lat' dir='ltr'>cliuis</span> <span class='ocrx_word' id='word_1_254' title='bbox 1384 2449 1433 2480; x_wconf 71' lang='lat' dir='ltr'>CA</span> 
     </span>
    </p>
   </div>
  </div>
 </body>
</html>
