1648 2729
202 112 259 149 M.
292 111 414 148 VAL.
446 111 760 149 MARTIALIS

199 218 248 258 sit
277 218 352 270 pia,
385 219 417 257 si
445 220 633 270 locuples,
665 227 703 258 et
732 227 842 269 potet
872 219 950 257 filia
979 227 1178 260 mustum:

254 285 447 334 amphora
476 298 567 323 cum
597 284 761 323 domina
790 298 897 323 nunc
926 299 1030 323 nova
1058 286 1126 324 fiet
1154 298 1265 324 anus.

201 350 390 388 Caecuba
418 363 500 388 non
529 351 635 388 solos
664 350 866 389 vindemia
894 350 1040 388 nutriat
1068 351 1213 389 orbos:

254 422 420 464 possunt
449 422 488 453 et
516 422 646 465 patres
674 414 814 461 vivere,
847 416 964 453 crede
993 414 1101 453 mihi.
1500 430 1540 454 10

667 498 854 534 XXVIII

308 566 491 606 Libertus
521 566 699 606 Melioris
728 567 793 606 ille
822 575 951 614 notuS,

307 640 390 671 tota
419 632 486 682 qui
515 632 658 671 cecidit
687 634 848 671 dolente
879 634 1022 680 Roma,

308 697 387 736 cari
416 698 582 736 deliciae
610 698 748 736 breves
778 697 944 748 patroni,

307 761 385 798 hoc
414 761 488 799 sub
518 774 712 799 marmore
743 760 926 799 Glaucias
956 761 1142 798 humatus

307 825 443 864 iuncto
474 825 690 864 Flaminiae
720 826 820 864 iacet
849 827 1083 875 sepulchro:
1521 842 1538 873 5

308 898 438 928 castus
467 890 654 937 moribus,
685 890 834 940 integer
862 891 1026 940 pudore,

307 957 421 993 velox
450 955 620 1006 ingenio,
651 956 794 994 decore
822 955 924 994 felix.

308 1020 368 1059 bis
398 1020 502 1059 senis
532 1022 654 1059 modo
684 1021 877 1059 messibus
907 1021 1073 1070 peractis

307 1085 371 1123 vix
399 1099 523 1124 unum
553 1099 650 1135 puer
677 1085 903 1134 adplicabat
931 1099 1092 1124 annum.

309 1149 390 1198 Qui
418 1151 488 1188 fies
517 1149 620 1197 talia,
651 1149 706 1187 nil
735 1151 839 1196 fleas,
871 1149 1004 1188 viator.
1499 1165 1540 1189 10

685 1233 826 1269 XXIX

201 1304 295 1341 Non
325 1303 376 1341 de
404 1303 521 1351 plebe
551 1303 694 1340 domus
724 1316 797 1341 nec
826 1315 965 1340 avarae
994 1315 1113 1340 verna
1141 1309 1323 1347 catastae,

253 1368 325 1406 sed
354 1366 507 1405 domini
536 1375 674 1405 sancto
704 1367 846 1417 dignus
875 1380 1010 1405 amore
1038 1379 1145 1416 puer,

201 1446 365 1471 munera
394 1446 485 1470 cum
515 1439 649 1482 posset
677 1433 859 1471 nondum
889 1431 1034 1470 sentire
1063 1432 1228 1482 patroni,

256 1497 421 1536 Glaucia
449 1497 612 1536 libertus
641 1497 719 1535 iam
751 1497 928 1535 Melioris
957 1505 1048 1535 erat.

201 1563 376 1601 moribus
406 1564 482 1601 hoc
511 1564 740 1613 formaeque
770 1564 934 1601 datum:
974 1562 1061 1612 quis
1090 1561 1274 1601 blandior
1302 1562 1400 1601 illo?
1519 1579 1537 1611 5

253 1636 321 1666 aut
350 1627 437 1677 quis
466 1628 679 1678 Apollineo
709 1627 908 1678 pulchrior
937 1641 1003 1666 ore
1032 1627 1134 1665 fuit?

201 1692 420 1731 Inmodicis
450 1692 578 1731 brevis
608 1700 666 1730 est
694 1701 801 1730 aetas
831 1700 869 1731 et
898 1705 981 1730 rara
1010 1700 1202 1730 senectus,

255 1757 449 1807 quidquid
479 1770 598 1804 amas,
631 1757 766 1807 cupias
796 1771 877 1796 non
906 1757 1100 1807 placuisse
1129 1756 1256 1795 nimis.

701 1847 818 1882 XXX

309 1917 384 1954 Sex
415 1915 591 1953 sestertia
621 1915 651 1954 si
681 1915 811 1954 statim
842 1915 1032 1962 dedisses,

308 1994 400 2019 curn
431 1980 527 2018 dixti
557 1980 654 2018 mihi
687 1982 839 2027 ‘Sume,
872 1982 977 2028 tolle,
1009 1981 1142 2026 dono,'

244 2085 379 2116 XXVII
400 2095 416 2123 7
442 2090 494 2115 est
508 2084 563 2123 pia
576 2084 682 2124 Duff:
706 2085 733 2115 si
751 2084 806 2123 pia
816 2083 958 2115 Schenkl
1000 2084 1028 2114 si
1044 2084 1065 2114 l.
1087 2084 1170 2125 (Pf)
1189 2084 1240 2114 vel
1252 2083 1297 2114 sit
1311 2084 1330 2115 l.
1352 2083 1445 2124 (LQ)
1462 2083 1536 2115 BA:

201 2130 245 2160 sit
263 2130 281 2160 l.
305 2128 354 2159 CA
431 2133 466 2158 et
481 2128 535 2157 ΒΑ
552 2140 559 2158 ;
583 2130 642 2158 sed
663 2128 744 2169 (set)
766 2127 816 2158 CA
897 2133 1011 2167 potem
1031 2127 1080 2158 CA
1214 2128 1235 2157 8
1259 2128 1316 2158 fiat
1334 2127 1365 2167 Q
1451 2138 1537 2158 anus

201 2173 254 2203 BA
272 2184 279 2203 z
304 2182 390 2210 opus
407 2171 456 2202 CA

201 2215 397 2289 sstffisxgaein
423 2225 442 2254 5
467 2215 622 2245 flaminea
638 2214 693 2244 ΒΑ
782 2215 803 2244 6
826 2213 993 2245 innocens
1010 2214 1088 2245 BA:
1112 2213 1247 2253 integer
1264 2213 1313 2245 CA
1402 2215 1423 2244 8
1446 2224 1538 2245 men-

246 2303 368 2332 XXIX
387 2306 462 2342 post
477 2302 580 2332 XXX
598 2301 721 2332 exhibet
734 2300 788 2331 ΒΑ
881 2311 895 2330 1
923 2301 1041 2332 domos
1057 2300 1090 2330 E
1191 2302 1213 2331 8
1236 2310 1330 2332 ames
1345 2299 1399 2330 BA
1415 2311 1422 2331 z
1446 2310 1538 2331 amas

203 2345 251 2375 (Ἀ
357 2346 473 2385 nimis]
492 2346 572 2375 mihi
592 2345 641 2376 CA

246 2389 350 2419 XXX
374 2400 393 2419 2
419 2389 502 2419 dixit
522 2388 571 2419 CA
661 2388 742 2419 tulle
761 2387 810 2418 CA
