1648 2729
722 133 1194 173 EPIGRAMMATON
1226 134 1331 171 LIB.
1369 135 1428 171 IX

97 249 174 286 hoc
203 247 340 286 habuit
369 261 518 286 numen
547 247 693 286 Pellaei
722 261 860 286 mensa
888 247 1051 297 tyranni,

151 312 218 363 qui
247 312 326 351 cito
354 312 578 363 perdomito
607 312 731 352 victor
759 312 798 351 in
829 313 925 352 orbe
954 312 1079 361 iacet3

97 379 203 417 hune
232 391 329 429 puer
355 379 408 417 ad
437 378 605 428 Libycas
633 378 825 417 iuraverat
856 378 1062 417 Hannibal
1090 391 1196 425 aras,-

150 442 314 482 iusserat
341 443 406 482 hic
434 445 583 483 Sullam
612 457 760 494 ponere
788 457 907 494 regna
935 451 1096 482 trucem.
1393 459 1432 480 10

98 509 283 548 Offensus
311 507 440 547 variae
469 508 631 547 tumidis
660 508 871 547 terroribus
900 509 1014 547 aulae

150 573 320 625 privatos
348 575 495 625 gaudet
523 587 630 612 nunc
658 573 836 612 habitare
864 575 973 620 lares,

96 647 218 690 utque
247 639 319 677 fuit
348 640 551 689 quondam
581 638 727 689 placidi
754 638 921 678 conviva
951 638 1160 686 Molorchi,

151 704 206 744 sic
234 704 358 743 voluit
387 705 496 744 docti
525 704 706 744 Vindicis
735 718 821 744 esse
851 705 959 744 deus.

581 788 720 825 XLIV

205 852 375 891 Alciden
404 853 527 891 modo
555 852 736 891 Vindicis
764 852 952 903 rogabam

205 925 308 957 esset
337 917 448 957 cuius
477 932 577 969 opus
606 918 797 968 laborque
826 917 926 956 felix.

207 983 320 1031 Risit,
352 998 444 1022 nam
474 985 574 1023 solet
602 985 691 1031 hoc,
722 982 877 1033 levique
906 990 1005 1021 nutu

209 1050 385 1088 ‘Graece
413 1048 630 1099 numquid'
658 1048 712 1087 ait
743 1051 886 1099 ‘poeta
914 1047 1074 1087 nescis?

205 1113 392 1165 inscripta
420 1122 480 1153 est
507 1114 612 1153 basis
641 1113 871 1164 indicatque
900 1113 1074 1152 nomen.'
1417 1130 1433 1160 5

205 1181 406 1219 Λυσίππου
435 1181 533 1230 lego,
566 1179 732 1218 Phidiae
760 1179 905 1230 putavi.

600 1263 716 1300 XLV

100 1327 218 1366 Miles
249 1329 532 1378 Hyperboreos
563 1329 696 1375 modo,
730 1326 972 1374 Marcelline,
1004 1325 1150 1364 triones

153 1400 191 1432 et
221 1393 351 1432 Getici
380 1395 522 1432 tuleras
552 1393 680 1431 sidera
708 1392 817 1443 pigra
845 1392 952 1443 poli:

97 1472 191 1498 ecce
220 1459 447 1498 Promethei
476 1472 593 1509 rupes
623 1466 662 1497 et
689 1458 823 1497 fabula
856 1457 1002 1496 montis

152 1538 272 1575 quam
301 1538 424 1575 prope
453 1531 545 1563 sunt
574 1523 698 1562 oculis
728 1537 835 1562 nunc
863 1524 1050 1562 adeunda
1079 1522 1181 1561 tuis!

97 1589 240 1629 videris
269 1589 459 1628 inmensis
489 1603 580 1628 cum
610 1590 859 1628 conclamata
892 1587 1060 1638 querelis
1417 1605 1434 1637 5

151 1669 243 1694 saxa
271 1655 386 1703 senis,
418 1655 526 1694 dices
560 1654 730 1693 ‘Durior
757 1654 842 1705 ipse
870 1653 967 1692 fuit!

98 1728 136 1759 et
165 1720 256 1759 licet
285 1721 384 1759 haec
412 1721 563 1759 addas:
606 1719 762 1758 ‘Potuit
791 1719 859 1770 qui
888 1718 980 1757 talia
1007 1720 1117 1766 ferre,

151 1787 371 1824 humanum
400 1785 540 1824 merito
569 1786 733 1823 finxerat
760 1784 825 1823 ille
853 1784 1003 1835 genus.'

582 1868 718 1905 XLVI

100 1933 250 1973 Gellius
279 1933 462 1972 aedificat
491 1947 672 1983 semper:
711 1933 834 1971 modo
863 1931 1000 1970 limina
1028 1931 1150 1982 ponit,

153 2013 260 2038 nunc
288 1999 438 2037 foribus
468 2000 596 2037 claves
625 2005 734 2048 aptat
763 1997 938 2048 emitque
968 2010 1084 2044 seraS,

143 2103 261 2134 XLIII
286 2104 306 2134 8
323 2103 406 2135 urbe
424 2103 474 2135 CA
588 2114 628 2134 10
651 2102 770 2142 syllam
785 2101 874 2133 codd.
992 2111 1027 2132 11
1047 2100 1226 2132 Offensum
1241 2099 1290 2131 CA
1397 2111 1435 2131 12

99 2148 250 2188 priuatus
265 2147 316 2178 CA
449 2158 487 2184 14
504 2147 723 2178 uindicesBA
740 2146 775 2185 (ι’.
784 2157 809 2177 e.
828 2144 910 2184 -eis)
928 2157 935 2176 :
959 2146 1068 2176 uineis
1085 2144 1134 2175 CA

142 2189 258 2222 XLIV
282 2200 296 2222 1
315 2191 462 2223 uindicis
472 2191 550 2222 BA:
574 2190 744 2221 uindicem
756 2189 806 2220 CA
824 2190 1026 2229 (pro-ces3)
1116 2188 1256 2219 Alcides
1272 2211 1279 2219 .
1299 2211 1306 2219 .
1326 2211 1334 2219 .
1354 2187 1436 2218 Vin-

100 2235 208 2266 dicem
231 2234 278 2267 ed.
295 2245 325 2266 a.
345 2245 428 2274 1473
509 2251 515 2256 ν
589 2245 609 2265 2
633 2239 745 2265 cesset
761 2244 788 2264 c.
811 2233 861 2264 CA
878 2233 1124 2273 (antt'a'paverat
1136 2233 1238 2263 scriba
1253 2235 1435 2271 sequentem

102 2279 220 2315 vocem)
355 2289 375 2317 4
399 2279 450 2309 ais
475 2278 523 2309 CA
655 2279 676 2307 6
700 2278 887 2317 Lysippum
904 2277 991 2318 (Li-)
1007 2276 1096 2307 codd.
1117 2277 1194 2316 (pro
1208 2286 1254 2311 -u.
1275 2275 1294 2307 i.
1305 2286 1330 2306 e.
1346 2286 1398 2305 -ov
1409 2276 1434 2315 2)

143 2322 238 2353 XLV
261 2333 281 2353 2
304 2322 407 2361 getici
422 2321 495 2353 BA:
518 2321 628 2361 getica
643 2321 692 2352 CA
759 2321 914 2361 poliBA:
938 2320 1018 2360 polo
1032 2320 1081 2351 CA
1170 2330 1190 2359 3
1213 2318 1436 2359 prometheae

99 2365 154 2396 BA
171 2377 178 2397 ε
201 2366 287 2397 -thei
306 2366 356 2397 CA
487 2367 508 2396 6
531 2376 614 2396 sana
629 2365 685 2395 ΒΑ
818 2375 835 2403 7
860 2374 947 2404 quae
965 2366 1056 2406 (que)
1077 2362 1127 2395 CA

143 2409 256 2441 XLVI
280 2409 354 2442 hab.
375 2410 408 2441 R
500 2419 514 2440 1
540 2409 768 2441 modolamina
790 2408 824 2438 R
