1648 2729
696 112 1167 152 EPIGRAMMATON
1198 115 1302 152 LIB.
1334 115 1440 152 VIII

628 223 707 260 LII

216 305 438 341 Tonsorem
468 317 633 353 puerum
664 305 734 342 sed
762 311 844 342 arte
874 306 992 343 talem

216 368 342 418 qualis
370 382 445 407 nec
474 370 691 407 Thalamus
720 369 792 407 fuit
822 370 1004 419 Neronis,

217 434 436 472 Drusorum
466 437 531 472 cu‘l'
559 433 758 484 contigere
787 434 944 482 barbae,

215 499 444 548 aequandas
473 500 595 537 semel
624 500 675 537 ad
704 513 824 549 genas
854 508 1010 550 rogatus

216 565 335 611 Rufo,
367 563 619 612 Caediciane,
651 565 914 604 commodavi.
1427 584 1443 614 5

216 630 312 667 dum
341 629 469 668 iussus
498 629 637 680 repetit
666 629 767 680 pilos
796 632 972 679 eosdem,

215 707 381 733 censura
409 695 559 745 speculi
589 709 751 734 manum
781 705 951 746 regente,

215 760 468 810 expingitque
497 769 629 800 cutem
659 761 831 812 facitque
861 764 1019 812 longam

216 825 394 864 detonsis
424 827 707 876 epaphaeresin
738 827 899 877 capillis,

215 891 402 929 barbatus
432 891 528 929 mihi
558 899 695 931 tonsor
724 900 782 931 est
811 906 998 931 reversus.
1409 909 1446 931 ιο

543 1041 645 1077 Lm
678 1038 785 1092 (LV)

108 1127 280 1166 Auditur
308 1134 502 1177 quantum
534 1129 708 1177 Massyla
736 1141 806 1177 per
834 1127 920 1166 avia
950 1141 1137 1175 murmur,

161 1192 370 1231 innumero
400 1193 584 1243 quotiens
613 1193 709 1231 silva
737 1195 853 1231 leone
882 1193 984 1240 furit,

108 1258 278 1308 pallidus
307 1258 496 1297 attonitos
525 1260 576 1297 ad
607 1260 743 1297 Poena
773 1258 942 1309 mapalia
970 1266 1103 1309 pastor

162 1336 253 1361 cum
283 1332 440 1362 revocat
468 1331 599 1362 tauros
630 1332 667 1362 et
697 1323 781 1362 sine
811 1331 944 1362 mente
972 1338 1120 1374 pecus:

108 1395 239 1427 tantus
269 1388 309 1427 in
338 1388 519 1427 Ausonia
547 1389 704 1427 fremuit
734 1390 856 1427 modo
885 1397 1007 1427 terror
1035 1391 1192 1428 harena.
1427 1407 1443 1436 5

163 1454 250 1504 quis
279 1468 360 1493 non
390 1468 476 1493 esse
505 1468 661 1505 gregem
692 1456 897 1493 crederet?
935 1468 1037 1493 unus
1067 1463 1158 1502 erat,

109 1521 179 1558 sed
209 1519 320 1558 cuius
349 1528 562 1559 tremerent
590 1520 664 1570 ipsi
693 1534 854 1571 quoque
884 1520 967 1559 iura
995 1522 1142 1568 leones,

163 1584 226 1623 cui
256 1585 441 1624 diadema
470 1587 580 1624 daret
610 1600 804 1624 marmore
834 1585 939 1636 picta
969 1587 1132 1624 Nomas.

109 1665 133 1688 o
163 1659 355 1701 quantum
385 1665 455 1702 per
483 1653 585 1690 colla
613 1653 747 1699 decus,
779 1665 899 1702 quem
929 1651 1069 1702 sparsit
1098 1653 1291 1691 honorem

162 1729 279 1755 aurea
307 1718 476 1764 lunatae,
507 1730 598 1755 cum
628 1716 746 1764 stetit,
776 1717 917 1755 umbra
944 1716 1085 1755 iubae!
1408 1733 1447 1755 10

108 1781 272 1831 grandia
299 1795 419 1832 quam
449 1781 583 1821 decuit
611 1783 734 1820 latum
763 1782 960 1821 venabula
988 1790 1127 1832 pectus

163 1855 391 1897 quantaque
420 1849 471 1886 de
500 1861 643 1898 magna
671 1847 815 1898 gaudia
844 1855 969 1886 morte
998 1847 1109 1886 tulit!

110 1914 228 1951 Vnde
257 1912 343 1959 tuis,
377 1912 512 1962 Libye,
545 1920 626 1950 tarn
656 1912 747 1951 felix
776 1912 898 1963 gloria
928 1912 1063 1950 silvis?

163 1991 186 2016 a
216 1978 385 2028 Cybeles
414 1977 611 2028 numquid
640 1986 799 2016 venerat
829 1977 893 2016 ille
923 1977 1048 2028 iugo?

155 2082 218 2112 LII
244 2093 293 2113 vv.
309 2081 479 2112 6<1olml2
502 2081 532 2112 T
658 2092 679 2121 3
704 2083 903 2121 contingere
919 2081 1010 2113 codd.
1160 2093 1180 2121 4
1203 2083 1381 2121 aequanda
1400 2083 1450 2113 CA

111 2126 144 2156 in
163 2135 268 2164 genas
284 2125 363 2156 BA:
387 2126 428 2156 ad
445 2136 568 2156 caenas
587 2126 637 2157 CA
762 2131 915 2164 rogatum
932 2126 1095 2156 Heinsius
1274 2128 1294 2156 6
1319 2127 1403 2165 petit
1425 2127 1454 2157 T

112 2180 129 2208 7
155 2180 254 2200 manu
275 2170 304 2200 T
317 2169 448 2209 (etfort.
466 2169 541 2210 ΑΛ)
563 2169 613 2200 CA
701 2171 721 2200 8
747 2169 910 2212 facitque]
925 2169 1026 2200 facito
1043 2169 1099 2200 BA
1187 2180 1208 2209 9
1231 2171 1449 2210 sepaph<a)e-

113 2213 204 2243 resin
224 2213 272 2244 CA
291 2215 412 2253 (praec.
433 2214 463 2251 s}

158 2257 237 2287 LIII
262 2267 312 2288 vv.
336 2266 418 2287 1-12
434 2257 507 2288 lmb.
533 2257 563 2287 T
683 2267 697 2287 1
723 2257 904 2298 quantum]
924 2267 1023 2297 quarn
1040 2256 1092 2287 P:
1115 2261 1242 2296 quanto
1261 2257 1314 2296 Q:
1340 2267 1402 2296 per
1418 2256 1447 2286 L

111 2301 295 2340 massylam
312 2300 368 2330 BA
477 2311 497 2340 3
521 2301 686 2332 attonitus
703 2300 753 2331 CA
821 2301 923 2340 plena
940 2300 1077 2331 AACA:
1100 2311 1189 2340 pena
1208 2301 1269 2342 (12⁶2.
1293 2301 1409 2332 Poena
1423 2303 1448 2339 ἓ)

113 2343 169 2375 ΒΑ
286 2345 306 2374 8
330 2348 382 2374 ret
404 2344 452 2375 T:
476 2346 557 2375 dare
575 2344 625 2375 CA
743 2355 855 2375 comas
884 2343 933 2375 CA
1036 2355 1057 2384 9
1081 2344 1212 2384 spargit
1240 2343 1289 2375 CA
1411 2355 1450 2376 10

113 2389 212 2419 iuuae
230 2392 266 2418 ut
284 2387 348 2419 vid.
367 2387 423 2418 BA
515 2398 553 2428 14
578 2388 666 2429 iugis
682 2387 737 2419 BA
753 2400 760 2420 :
783 2389 862 2428 iugo
881 2387 931 2419 CA
