1648 2729
762 143 1232 186 EPIGRAMMATON
1264 148 1367 186 LIB.
1402 144 1440 186 ΙΙ

110 252 272 290 Mecum
303 251 376 291 eris
406 266 497 302 ergo
528 252 666 292 miser:
706 256 815 304 quod
845 254 877 293 si
906 257 1005 295 deus
1035 271 1101 296 ore
1131 272 1270 297 sereno

161 317 356 365 adnuerit,
387 317 489 365 felix,
523 318 717 366 Candide,
750 321 857 359 solus
887 321 972 359 eris.

586 451 747 488 XXVII

111 530 359 567 Laudantem
390 529 538 569 Selium
569 544 691 569 cenae
720 545 811 570 cum
842 532 937 571 retia
967 533 1093 572 tendit

161 594 308 644 accipe,
340 593 421 633 sive
449 596 554 646 legas
584 596 665 635 sive
694 605 882 647 patronus
911 612 1026 648 agas:

112 660 309 698 ‘Effectel
338 660 526 710 graviter!
557 661 662 700 cito!
693 663 899 713 nequiter!
930 667 1055 715 euge!
1087 666 1228 704 beate!

162 726 239 763 hoc
268 726 420 764 voluil'
453 730 461 746 ‘
479 729 598 765 Facta
628 735 687 766 est
715 728 792 766 iam
824 728 895 767 tibi
924 743 1033 778 cena,
1066 733 1176 769 tace?

571 858 713 894 XXIX

110 937 225 983 Rufe,
257 937 367 975 vides
396 937 506 975 illum
537 938 723 977 subsellia
752 938 877 988 prima
902 946 1106 987 terentem,

164 1002 275 1041 cuius
305 1010 343 1041 et
372 1002 465 1041 hinc
495 1004 600 1041 lucet
630 1005 920 1053 sardonychata
948 1019 1089 1043 manus

110 1081 292 1118 quaeque
321 1069 455 1117 Tyron
486 1068 631 1106 totiens
661 1076 870 1118 epotavere
900 1070 1081 1109 lacernae

164 1141 202 1172 et
231 1141 322 1183 toga
350 1147 431 1172 non
461 1141 585 1172 tactas
613 1134 771 1173 vincere
799 1134 905 1173 iussa
934 1134 1054 1182 nives,

110 1198 220 1237 cuius
250 1201 329 1237 olet
359 1207 444 1238 toto
472 1199 628 1250 pinguis
658 1214 774 1238 coma
805 1200 1064 1240 Marcelliano
1430 1220 1445 1252 ς

165 1272 202 1303 et
232 1266 443 1315 splendent
472 1267 583 1303 volso
614 1265 798 1304 bracchia
828 1265 917 1304 trita
946 1266 1042 1316 pilo,

110 1344 191 1369 non
222 1332 404 1369 hesterna
432 1332 544 1369 sedet
572 1332 707 1369 lunata
735 1331 883 1381 lingula
910 1334 1056 1382 planta,

165 1395 328 1434 coccina
356 1410 438 1435 non
468 1398 618 1434 laesum
649 1396 774 1446 pingit
802 1398 909 1435 aluta
938 1398 1094 1447 pedem,

112 1469 149 1500 et
179 1475 390 1500 numerosa
419 1461 548 1500 linunt
577 1463 800 1500 stellantem
830 1462 982 1513 splenia
1010 1464 1192 1502 frontem.

168 1529 331 1578 Ignoras
361 1526 457 1577 quid
479 1527 557 1566 sit?
586 1527 737 1577 splenia
767 1529 875 1575 tolle,
904 1529 1020 1578 leges.
1412 1548 1449 1568 10

615 1659 733 1695 XXX

115 1743 257 1778 Mutua
286 1738 422 1790 viginti
451 1739 628 1778 sestertia
657 1741 756 1778 forte
786 1740 986 1790 rogabam,

167 1819 269 1856 quae
298 1806 359 1844 vel
388 1804 554 1843 donanti
584 1819 665 1843 non
695 1818 811 1855 grave
840 1819 985 1844 munus
1015 1813 1110 1845 erat.

114 1871 261 1922 quippe
290 1871 500 1921 rogabatur
528 1870 700 1920 felixque
729 1878 922 1921 vetusque
951 1871 1098 1910 sodalis

168 1943 206 1975 et
235 1936 346 1975 cuius
375 1938 480 1974 laxas
509 1949 599 1974 arca
628 1937 797 1986 flagellat
826 1950 936 1986 opes.

114 2001 144 2039 is
175 2001 271 2040 mihi
304 2001 448 2040 ‘Dives
478 2001 562 2048 eris,
595 2001 627 2040 si
656 2015 794 2040 causas
824 2002 969 2051 egeris’
998 2001 1137 2052 inquit.

171 2068 292 2116 Quod
323 2074 416 2117 peto
446 2068 508 2114 da,
541 2066 640 2105 Gai:
679 2081 760 2106 non
791 2074 885 2117 peto
914 2067 1139 2106 consilium.

160 2171 295 2201 XXVII
319 2181 339 2210 3
364 2170 429 2201 cito
446 2181 512 2201 om.
529 2170 606 2201 BA:
634 2175 665 2201 st
680 2169 902 2201 Schneidewin
993 2182 1011 2209 4
1036 2171 1087 2202 vel
1106 2171 1205 2202 ‘Hoc
1222 2182 1274 2204 v.:
1299 2173 1320 2204 f.
1341 2173 1380 2205 e.'
1399 2178 1450 2205 etc.

158 2214 280 2245 XXIX
307 2224 322 2244 1
348 2219 515 2245 terentem
534 2213 618 2256 (Lj)
638 2214 689 2245 vel
702 2219 878 2245 tenentem
896 2214 1022 2255 (PQF)
1039 2226 1046 2245 z
1071 2219 1237 2246 terentem
1258 2216 1307 2246 CA
1432 2228 1451 2257 3

116 2259 272 2297 quotiens
289 2258 367 2289 BA:
391 2258 517 2289 totiens
537 2257 586 2289 CA
674 2268 692 2297 5
718 2258 917 2288 marcellino
933 2258 1066 2305 .G,fort.
1085 2262 1161 2288 recte
1177 2260 1229 2299 (qfi
1252 2259 1294 2291 L.
1315 2260 1456 2291 Mueller

932 2310 958 2326 ln

116 2334 154 2364 de
169 2346 202 2365 re
218 2335 371 2376 metr.²³p.
390 2335 467 2375 299)
485 2348 492 2366 :
516 2335 769 2366 marcelliniano
783 2335 815 2365 E
829 2338 903 2376 (pro
920 2337 1012 2366 -iano
1025 2338 1051 2373 2)
1209 2338 1229 2367 8
1248 2338 1357 2377 pingit
1374 2338 1428 2368 ΒΑ
1444 2351 1450 2369 :

118 2378 223 2418 cingit
243 2379 293 2410 CA
385 2390 423 2410 10
446 2380 501 2419 qui
517 2379 592 2410 Ital.
667 2379 761 2418 leges
778 2379 875 2419 (EA)
894 2379 944 2409 vel
956 2380 1050 2418 legas
1065 2378 1163 2420 (XV)
1177 2379 1227 2410 CA

162 2422 264 2452 XXX
287 2422 361 2454 hab.
381 2423 411 2453 T
549 2433 568 2462 3
592 2422 740 2462 felixque
757 2423 893 2453 AACA:
917 2424 1074 2463 fidusque
1091 2422 1148 2452 ΒΑ
1238 2435 1406 2465 uerusque
1429 2426 1458 2455 T
