1648 2729
773 189 1247 228 EPIGRAMMATON
1277 190 1333 226 LI
1341 190 1384 226 B.
1417 190 1453 226 X

124 305 179 343 sic
209 317 370 354 quoque
399 303 585 342 mentiris.
646 304 844 352 Namque,
875 310 918 340 ut
947 311 1014 341 tua
1043 304 1200 341 saecula
1230 309 1398 348 narrant,

177 372 268 409 ficta
297 372 536 409 Prometheo
565 369 706 409 diceris
735 383 821 408 esse
850 371 944 408 luto.

624 481 731 536 *XLI

127 559 268 596 Mense
297 571 401 595 novo
433 556 520 595 Iani
549 565 733 604 veterem,
766 557 983 604 Proculeia,
1017 556 1198 594 maritum

178 623 324 662 deseris
353 630 472 672 atque
501 622 614 661 iubes
644 636 704 661 res
734 622 809 660 sibi
839 622 985 660 habere
1015 635 1115 660 suas.

124 688 231 739 quid,
262 701 368 738 rogo,
400 687 497 737 quid
526 689 673 726 facturn
703 689 794 726 est?
823 687 941 725 subiti
968 700 1069 737 quae
1096 699 1214 724 causa
1241 685 1417 724 doloris?

179 753 247 792 Nil
277 753 374 791 mihi
404 754 656 803 respondes?
714 753 856 791 Dicam
887 766 970 802 ego,
1004 760 1160 802 praetor
1190 758 1296 789 erat:

124 825 350 856 constatura
378 817 451 856 suit
482 818 721 868 Megalensis
750 830 922 867 purpura
951 824 1111 854 centum

179 882 347 930 milibus,
381 891 423 921 ut
452 883 618 921 nimium
650 896 813 921 munera
841 896 958 932 parca
987 883 1111 928 dares,

125 956 162 986 et
191 950 380 998 populare
409 962 563 987 sacrum
595 947 653 986 bis
684 947 789 986 milia
819 949 923 986 dena
952 946 1114 985 tulisset.

181 1013 403 1052 Discidium
434 1028 513 1052 non
545 1021 603 1052 est
634 1015 721 1060 hoc,
755 1011 984 1051 Proculeia:
1024 1014 1176 1050 lucrum
1208 1020 1276 1049 est.

608 1125 752 1162 XLIII

125 1206 300 1257 Septima
329 1206 418 1254 iam,
451 1206 639 1253 Phileros,
672 1206 744 1245 tibi
773 1205 958 1244 conditur
986 1218 1083 1243 uxor
1111 1204 1151 1241 in
1181 1217 1283 1254 agro.

180 1274 272 1311 Plus
303 1272 411 1320 nulli,
444 1272 632 1319 Phileros,
665 1286 786 1322 quam
821 1271 892 1310 tibi
923 1270 1052 1309 reddit
1081 1283 1181 1320 ager.

621 1378 759 1414 XLIV

127 1459 277 1508 Quinte
306 1458 549 1498 Caledonios
582 1458 702 1498 Ovidi
730 1458 858 1496 visure
889 1457 1099 1496 Britannos

178 1533 216 1563 et
245 1524 410 1563 viridem
439 1526 598 1574 Tethyn
628 1525 916 1573 Oceanumque
945 1530 1106 1572 patrem,

125 1604 216 1642 ergo
246 1592 404 1629 Numae
433 1592 554 1629 colles
584 1598 623 1628 et
652 1591 908 1628 Nomentana
936 1587 1123 1637 relinquis

179 1656 260 1695 otia
287 1670 362 1695 nec
390 1655 532 1694 retinet
561 1669 706 1705 rusque
735 1656 927 1704 focusque
956 1654 1123 1692 senem?

124 1721 268 1772 gaudia
296 1729 338 1760 tu
368 1721 510 1768 differs
541 1728 582 1759 at
610 1734 692 1758 non
721 1727 760 1758 et
789 1719 958 1757 stamina
987 1718 1115 1756 differt

181 1789 353 1837 Atropos
381 1794 501 1836 atque
529 1785 659 1824 omnis
688 1785 870 1824 scribitur
898 1786 995 1823 hora
1023 1782 1106 1821 tibi.

126 1852 367 1891 Praestiteris
397 1851 632 1901 caro—quis
661 1864 742 1889 non
772 1852 850 1889 hoc
878 1851 1013 1888 laudet
1028 1846 1230 1887 ?-amico

180 1926 222 1956 ut
250 1917 381 1968 potior
408 1917 488 1954 vita
516 1916 573 1955 sit
594 1915 666 1954 tibi
695 1923 831 1953 sancta
859 1916 958 1953 fides
974 1929 983 1962 3

126 1984 196 2022 sed
226 1983 391 2021 reddare
420 1981 496 2020 tuis
526 1982 688 2020 tandem
718 1993 902 2018 mansure
931 1978 1087 2017 Sabinis

180 2056 299 2099 teque
327 2056 414 2086 tuas
442 2060 626 2085 numeres
654 2045 755 2084 inter
782 2044 985 2084 amicitias.
1425 2056 1463 2077 10

169 2162 191 2192 3
216 2163 362 2193 namque
379 2156 415 2182 ut
431 2151 545 2182 AACA
563 2162 571 2182 ε
594 2161 672 2181 nam
690 2150 746 2190 qui
762 2151 843 2191 (pro
859 2149 940 2188 quid
952 2148 976 2189 ἒ)
992 2148 1049 2178 ΒΑ
1162 2149 1302 2176 narrant
1324 2144 1441 2175 AABA
1457 2155 1464 2174 ε

126 2196 354 2271 naX{SIC}12b.
375 2238 406 2270 T
491 2249 509 2273 1
532 2237 686 2269 Mensam
704 2236 785 2267 noui
808 2236 838 2267 T
995 2236 1017 2265 6
1039 2245 1144 2274 parua
1169 2233 1342 2274 T(etsori.
1362 2231 1461 2271 AA):

127 2294 231 2324 parca
244 2283 355 2314 ΒΑΕΔ
475 2292 492 2322 7
517 2282 568 2313 bis
584 2292 650 2312 om.
673 2281 722 2311 CA

173 2327 290 2358 XLIII
315 2326 390 2358 hab.
411 2326 456 2364 T;
500 2337 529 2357 v.
552 2336 570 2356 2
584 2324 658 2357 hab.
677 2325 712 2355 R
733 2324 849 2363 infine
862 2323 962 2364 epxgr.
983 2321 1026 2353 11.
1162 2330 1181 2351 2
1206 2319 1328 2350 reddet
1343 2318 1377 2349 R

172 2371 286 2402 XLIV
311 2381 327 2401 1
354 2370 524 2401 calidonio
545 2368 596 2399 CA
685 2368 860 2398 ouidisure
875 2366 931 2397 BA
949 2370 985 2396 ut
999 2364 1064 2396 vid.
1198 2374 1217 2393 2
1240 2363 1364 2402 thetyn
1383 2361 1463 2402 (dn)

129 2414 219 2447 codd.
330 2423 350 2452 3
375 2413 540 2454 relinquis
558 2412 614 2443 BA
636 2412 702 2452 (-es
721 2411 764 2451 Q)
781 2423 787 2442 :
812 2411 983 2450 relinquas
1001 2409 1050 2440 CA
1161 2418 1181 2447 4
1205 2406 1276 2438 otio
1297 2405 1396 2447 (EA)
1416 2405 1464 2436 CA

129 2468 149 2499 5
171 2464 212 2490 st.
236 2458 352 2489 differs
370 2457 420 2489 CA
552 2466 637 2496 7—10
661 2466 732 2486 nov.
752 2455 851 2496 eptjgr.
875 2454 924 2486 CA
