1648 2729
723 129 984 168 EPIGRAM
991 129 1195 168 MATON
1226 130 1329 167 LIB.

106 244 253 283 blanda
282 241 496 293 Cupidinei
525 255 594 280 cur
622 255 703 280 non
733 249 839 280 amet
867 255 935 281 ora
965 243 1147 292 Labycae

161 309 228 360 qui
258 308 365 348 videt
394 309 492 347 haec
522 307 694 347 dominis
725 314 902 346 monstra
931 309 1086 358 placere
1116 308 1226 346 suis?

535 452 798 489 LXXXVIII

107 537 244 574 Fertur
273 535 419 573 habere
450 547 571 581 meos,
603 533 635 572 si
663 547 754 572 vera
782 540 840 572 est
870 534 984 581 fama,
1017 533 1170 572 libellos

160 600 261 639 inter
289 599 450 638 delicias
480 600 644 650 pulchra
673 598 830 637 Vienna
859 611 959 637 suas.

107 680 170 705 me
199 664 291 716 legit
321 664 450 704 omnis
479 664 534 703 ibi
563 663 694 703 senior
722 663 956 714 iuvenisque
985 677 1162 714 puerque

161 739 199 770 et
228 744 362 770 coram
392 730 531 769 tetrico
562 737 669 768 casta
697 731 829 780 puella
857 729 950 768 viro.

106 799 183 836 hoc
212 810 286 847 ego
315 795 520 834 maluerim
551 808 670 845 quam
701 795 733 834 si
762 809 851 834 mea
879 794 1053 833 carmina
1087 803 1247 833 cantent

161 862 229 913 qui
258 861 395 901 Nilum
426 876 473 900 ex
502 861 589 912 ipso
618 861 797 911 protinus
827 874 894 899 ore
924 860 1091 909 bibunt3

107 942 226 979 quam
257 940 368 966 meus
400 926 586 977 Hispano
615 926 647 964 si
677 940 741 964 me
770 928 903 976 Tagus
933 925 1095 976 impleat
1123 939 1219 964 auro

160 1000 295 1044 pascat
324 1000 363 1031 et
394 992 530 1042 Hybla
560 1005 679 1039 meas,
711 999 847 1041 pascat
878 993 1093 1041 Hymettos
1122 1004 1227 1041 apes.

108 1061 201 1098 Non
231 1058 330 1097 nihil
359 1071 451 1108 ergo
481 1071 618 1096 sumus
648 1070 722 1095 nec
752 1057 924 1095 blandae
954 1070 1117 1095 munere
1146 1056 1304 1106 linguae

161 1124 404 1176 decipimur:
440 1124 599 1161 credam
628 1122 718 1170 iam,
750 1130 859 1172 puto,
893 1123 1033 1170 Lause,
1065 1122 1146 1160 tibi.

561 1285 776 1322 LXXXIX

217 1370 248 1416 Ι,
280 1368 372 1407 felix
401 1381 499 1415 rosa,
532 1366 800 1416 mollibusque
830 1365 942 1404 sertis

215 1433 338 1473 nostri
367 1433 481 1483 cinge
510 1446 645 1471 comas
675 1431 926 1482 Apollinaris.

216 1513 314 1550 quas
343 1507 385 1538 tu
415 1506 572 1537 nectere
602 1497 804 1544 candidas,
836 1498 907 1536 sed
937 1496 1044 1544 olim,

216 1565 271 1604 sic
301 1573 339 1604 te
369 1578 524 1615 semper
552 1571 659 1602 amet
687 1565 837 1610 Venus,
870 1570 1082 1601 memento.

628 1720 704 1759 XC

109 1806 236 1843 Iactat
265 1803 515 1854 inaequalem
547 1803 690 1841 Matho
720 1815 784 1840 me
813 1801 953 1840 fecisse
982 1801 1184 1839 libellum:

162 1869 194 1909 si
222 1883 358 1908 verum
389 1876 460 1917 est,
489 1869 625 1906 laudat
654 1866 829 1906 carmina
857 1874 991 1906 nostra
1021 1867 1175 1905 Matho.

107 1937 292 1986 aequales
322 1933 456 1973 scribit
485 1933 605 1972 libros
636 1931 825 1972 Calvinus
855 1939 894 1970 et
923 1932 1100 1970 Vmber:

162 1999 336 2051 aequalis
366 1999 465 2038 liber
494 2006 563 2046 est,
596 1997 762 2046 Cretice‚
795 1997 863 2048 qui
893 1999 1019 2035 malus
1049 2004 1118 2036 est.

1362 130 1445 168 VII

1408 324 1446 346 10

1411 1138 1449 1160 10

153 2117 174 2145 9
190 2103 267 2144 ora]
285 2109 319 2136 ta
338 2103 465 2145 (Α)υεί
479 2107 513 2133 te
531 2100 627 2143 (EX)
645 2101 696 2133 CA
836 2101 989 2140 labyrtae
1009 2100 1117 2143 (-irte)
1134 2100 1190 2131 BA
1207 2112 1213 2131 :
1241 2100 1383 2140 labycae
1402 2101 1450 2131 CA

114 2160 152 2181 10
170 2148 298 2179 domini
321 2147 370 2178 CA
459 2157 522 2178 sua
540 2146 590 2177 CA

155 2191 375 2223 LXXXVIII
400 2190 473 2222 hab.
500 2190 530 2221 T
660 2199 674 2220 1
693 2199 775 2220 uere
798 2188 828 2220 T
940 2189 961 2218 6
987 2187 1078 2229 ipso]
1098 2188 1156 2218 illo
1175 2187 1223 2218 CA

1342 2197 1358 2225 7
1383 2187 1451 2218 his-

111 2247 220 2276 panus
233 2236 288 2266 ΒΑ
377 2241 475 2275 tagos
491 2234 521 2265 T
604 2245 625 2274 9
648 2243 793 2272 magnae
806 2231 886 2265 AA:
910 2232 1056 2263 blandae
1071 2232 1160 2273 (-de)
1174 2231 1228 2261 ΒΑ
1245 2243 1252 2262 z
1276 2230 1389 2261 blandi
1403 2231 1451 2262 CA

111 2281 246 2320 linguas
264 2281 317 2320 (ex
332 2290 386 2310 -es
396 2280 421 2320 ἕ)
442 2278 491 2310 CA
700 2276 889 2307 LXXXIX
916 2287 929 2307 1
957 2276 971 2306 I
989 2287 1055 2307 om.
1077 2275 1126 2306 CA
1217 2286 1236 2305 2
1259 2275 1384 2306 nostris
1404 2275 1450 2305 CA

111 2335 131 2364 3
156 2324 302 2355 candida
317 2323 372 2353 BA

156 2368 218 2399 XC
242 2367 316 2398 hab.
338 2366 367 2397 T
543 2376 558 2396 1
585 2365 703 2396 Lactat
723 2364 770 2396 CA
947 2374 968 2403 3
992 2363 1166 2394 caluianus
1195 2362 1241 2394 T:
1265 2362 1451 2393 Cluvienus

114 2411 337 2442 Schneidewin
355 2409 489 2451 (Philol.
509 2410 554 2442 iii.
573 2409 652 2450 331)
