1648 2729
171 146 228 182 M.
260 146 383 183 VAL.
417 146 732 184 MARTIALIS

648 258 812 296 XXXII

171 327 237 366 Lis
269 327 365 365 mihi
394 341 486 366 cum
517 328 645 367 Balbo
674 336 744 375 est,
776 336 818 367 tu
848 329 1018 367 Balbum
1049 329 1250 368 offendere
1281 343 1361 368 non
1391 329 1448 368 vis

225 393 414 432 Pontice:
444 407 536 431 cum
558 393 699 432 Licino
719 401 789 441 est,
812 394 876 433 hic
897 408 1058 444 quoque
1079 408 1244 445 magnus
1265 396 1387 434 homo
1409 402 1480 434 est.

168 465 283 496 vexat
313 471 431 508 saepe
461 472 594 497 meum
625 459 816 498 Patrobas
845 459 1014 498 confinis
1042 461 1224 510 agellum,

224 531 363 562 contra
392 523 577 562 libertum
609 524 788 563 Caesaris
817 524 872 563 ire
901 524 1027 563 times.

169 590 340 639 abnegat
369 596 408 627 et
437 588 578 628 retinet
608 597 786 628 nostrum
817 590 987 629 Laronia
1015 604 1182 637 servum,
1490 609 1506 639 5

224 655 442 703 respondes
474 654 608 693 ‘Orba
637 662 706 702 est'
738 654 859 703 dives,
891 669 1001 702 anus,
1033 655 1176 694 vidua.’

171 721 265 758 Non
294 720 409 767 bene,
442 720 558 758 crede
589 719 698 767 mihi,
729 733 841 758 servo
870 720 1035 759 servitur
1061 721 1218 759 amico:

224 785 272 823 sit
302 784 409 831 liber,
442 784 629 823 dominus
659 785 727 835 qui
755 787 861 824 volet
890 799 975 824 esse
1005 799 1130 825 meus.

657 904 814 940 XXXV

172 974 275 1013 Cum
306 972 384 1011 sint
413 986 524 1011 crura
553 971 624 1011 tibi
654 972 827 1012 similent
856 987 958 1024 quae
988 987 1136 1012 cornua
1166 975 1292 1022 lunae,

224 1039 264 1076 in
294 1037 421 1088 rhytio
451 1046 618 1088 poteras,
652 1039 825 1086 Phoebe,
858 1040 985 1077 lavare
1015 1039 1151 1089 pedes.

641 1150 821 1186 XXXVI

172 1220 349 1257 Flectere
379 1226 416 1257 te
446 1218 580 1267 nolim,
614 1220 684 1257 sed
714 1232 788 1257 nee
817 1219 973 1258 turbare
1002 1219 1190 1270 capillos;

223 1283 434 1334 splendida
462 1283 510 1322 sit
540 1284 648 1332 nolo,
676 1283 837 1323 sordida
866 1285 959 1322 nolo
989 1284 1116 1332 cutis;

171 1362 244 1387 nec
274 1349 345 1387 tibi
375 1349 576 1387 mitrarum
607 1363 681 1388 nec
711 1349 759 1387 sit
789 1348 860 1388 tibi
890 1350 1013 1388 barba
1042 1363 1222 1388 reorum:

223 1416 317 1453 nolo
346 1414 471 1452 virum
500 1414 679 1462 nimium,
712 1416 937 1464 Pannyche,
968 1416 1062 1453 nolo
1090 1429 1243 1465 parum.

170 1493 277 1518 nunc
307 1488 398 1518 sunt
427 1494 538 1518 crura
567 1480 655 1530 pilis
685 1488 724 1519 et
752 1488 843 1518 sunt
873 1480 944 1518 tibi
973 1489 1133 1530 pectora
1162 1481 1279 1520 saetis
1483 1499 1500 1530 5

223 1545 391 1592 horrida,
424 1546 495 1584 sed
525 1559 636 1584 mens
666 1553 735 1593 est,
768 1546 992 1595 Pannyche‚
1026 1548 1134 1585 volsa
1164 1546 1246 1585 tibi.

626 1658 830 1694 XXXVII

278 1725 486 1776 Quidquid
516 1726 675 1776 ponitur
704 1726 796 1765 hinc
826 1734 864 1765 et
893 1726 987 1765 inde
1016 1726 1145 1774 verris,

278 1805 470 1829 mammas
499 1791 664 1830 suminis
694 1791 980 1842 imbricemque
1009 1791 1119 1841 porci

277 1869 615 1905 communemque
644 1856 802 1895 duobus
831 1864 1067 1906 attagenam,

277 1922 443 1959 mullum
473 1921 683 1960 dimidium
713 1923 932 1972 lupumque
961 1929 1089 1960 totum

278 1999 568 2035 muraenaeque
597 1987 698 2025 latus
726 1988 933 2036 femurque
962 1986 1058 2036 pulli
1483 2005 1501 2037 5

278 2051 571 2100 stillantemque
600 2051 700 2090 alica
729 2065 799 2089 sua
828 2052 1072 2102 palumbum.

210 2155 349 2186 XXXII
374 2156 447 2186 hah.
473 2156 518 2193 T;
544 2166 574 2187 v.
596 2166 609 2186 1
629 2156 700 2186 hab.
714 2159 791 2196 post
808 2155 858 2187 111
876 2156 911 2186 xi
926 2156 960 2186 R
1064 2166 1084 2195 3
1111 2156 1288 2197 Patrobas]
1307 2163 1424 2196 protas
1447 2157 1503 2187 BA

172 2204 260 2239 ipro·
281 2204 344 2263 pr?
365 2206 452 2239 ρκ’»,
478 2199 498 2230 ί.
513 2210 538 2230 e.
564 2200 689 2240 patro—)
891 2210 910 2238 5
935 2200 1065 2230 laronia
1081 2199 1217 2231 AACA:
1241 2200 1363 2231 letoria
1389 2201 1498 2241 (laet-⁹

166 2242 365 2317 lecXXXVI
390 2296 440 2318 vv.
462 2296 534 2325 1—2‚
555 2287 620 2326 5-6
635 2286 709 2318 hab.
728 2286 761 2316 R
911 2296 924 2316 1
951 2287 1011 2317 sed
1028 2297 1094 2319 om.
1112 2285 1146 2317 R
1277 2296 1298 2326 3
1322 2288 1500 2318 mitharum

169 2331 272 2370 (my-N
292 2333 330 2359 ut
344 2329 407 2361 vid.
422 2329 477 2359 BA

213 2373 382 2404 XXXVII
401 2384 450 2404 vv.
472 2383 541 2405 1—2.
562 2383 639 2413 4—5,
659 2384 759 2404 10—11
779 2373 852 2407 hab.
880 2373 909 2404 T
1027 2383 1041 2403 1
1060 2384 1181 2405 uersus
1197 2374 1252 2404 ΒΛ
1268 2373 1350 2414 (pro
1366 2375 1476 2405 versis
1492 2386 1500 2412 ;

168 2427 184 2448 s
197 2422 260 2456 pro
278 2417 308 2457 r)
442 2418 464 2447 6
485 2416 742 2457 stellantemque
762 2417 813 2448 CA
898 2417 1008 2448 halica
1022 2417 1111 2449 codd.
