1648 2729
207 161 263 196 M.
295 160 418 196 VAL.
452 158 765 196 MARTIALIS

710 270 824 309 XCV

209 342 330 390 Quod
360 343 505 379 clamas
535 354 700 391 semper,
732 341 841 390 quod
869 339 1077 389 agentibus
1107 338 1311 388 obstrepis,
1343 336 1444 385 Aeli,

263 420 342 444 non
373 405 467 444 facis
497 407 574 444 hoc
602 405 746 456 gratis:
785 404 943 455 accipis,
974 412 1017 443 ut
1046 412 1186 442 taceas.

692 506 853 545 XCVII

210 579 312 616 (jum
343 578 514 615 clamant
543 590 693 624 omnes,
725 575 896 626 loqueris
926 583 1031 622 tunc,
1064 575 1251 620 Naevole,
1285 580 1452 620 tantum,

263 651 301 681 et
331 650 368 680 te
397 650 606 692 patronum
637 641 962 691 causidicumque
991 647 1116 690 putas.

210 711 283 746 hac
312 707 462 746 ratione
491 715 620 757 potest
650 720 769 745 nemo
798 720 879 744 non
909 719 994 744 esse
1023 704 1202 744 disertus.

265 775 380 820 Ecce,
414 780 544 811 tacent
574 786 738 812 omnes:
779 772 968 817 Naevole‚
1001 769 1065 808 dic
1093 768 1255 819 aliquid.

676 871 860 909 XCVIII

211 943 354 992 Litigat
384 950 421 981 et
450 935 624 993 podagra
654 941 866 988 Diodorus,
899 941 1051 987 Haece,
1082 939 1244 977 laborat.

265 1010 334 1047 sed
364 1008 417 1045 nil
447 1016 615 1058 patrono
644 1006 827 1057 porrigit:
866 1007 965 1044 haec
994 1006 1180 1054 cheragra
1209 1011 1279 1042 est.

694 1107 832 1145 XCIX

314 1180 407 1216 Non
438 1179 598 1228 plenum
630 1179 751 1216 modo
780 1175 899 1214 vicies
928 1175 1116 1222 habebas,

319 1245 389 1282 sed
418 1251 497 1281 tam
528 1242 713 1293 prodigus
743 1250 862 1291 atque
891 1240 1061 1279 liberalis

320 1317 358 1347 et
386 1316 466 1346 tam
496 1310 625 1346 lautus
654 1321 749 1354 eras,
782 1308 942 1354 Calene,
974 1314 1016 1344 ut
1045 1319 1184 1344 omnes

320 1381 500 1424 optarent
529 1373 599 1411 tibi
630 1372 778 1411 centies
806 1371 933 1410 amici.

322 1440 445 1477 Audit
474 1446 565 1476 vota
594 1440 692 1477 deus
722 1451 938 1488 precesque
967 1444 1119 1474 nostras
1528 1449 1545 1480 5

321 1512 439 1553 atque
469 1503 581 1551 intra,
611 1512 718 1554 puto,
749 1503 935 1553 septimas
966 1503 1169 1540 Kalendas

322 1577 466 1607 mortes
496 1571 572 1608 hoc
602 1568 672 1607 tibi
702 1577 886 1618 quattuor
915 1569 1121 1606 dederunt.

320 1643 359 1672 at
388 1643 430 1672 tu
460 1634 514 1672 sic
545 1633 657 1684 quasi
685 1648 766 1672 non
796 1636 895 1672 foret
924 1633 1114 1679 relictum,

322 1700 391 1737 sed
420 1707 574 1749 raptum
605 1699 675 1737 tibi
705 1699 863 1745 centies,
895 1698 1011 1737 abisti

322 1764 360 1802 in
391 1772 539 1802 tantam
570 1764 687 1803 miser
715 1764 979 1810 esuritionem,
1511 1777 1550 1798 10

324 1837 365 1867 ut
395 1829 575 1867 convivia
604 1830 905 1879 sumptuosiora,

323 1903 407 1932 toto
437 1908 538 1944 quae
567 1897 688 1933 semel
717 1908 881 1945 apparas
910 1894 950 1932 in
979 1907 1097 1940 anno,

323 1959 454 2009 nigrae
483 1960 665 1998 sordibus
695 1960 866 2010 explices
896 1967 1090 2005 monetae,

323 2032 360 2063 et
390 2033 540 2074 septem
570 2033 719 2064 veteres
749 2025 805 2063 tui
834 2026 989 2063 sodales

324 2098 551 2128 constemus
581 2090 650 2128 tibi
681 2091 868 2140 plumbea
897 2090 1048 2128 selibra.
1511 2100 1547 2133 15

325 2154 434 2203 Quid
464 2154 627 2204 dignum
659 2155 805 2194 meritis
835 2168 1039 2205 precemur
1067 2153 1182 2191 istis?

262 2258 355 2289 XCV
379 2258 451 2289 hab.
477 2258 506 2288 T

261 2302 389 2332 XCVII
413 2302 487 2332 lmb.
514 2302 542 2331 T
688 2312 699 2332 1
729 2306 751 2332 t.
783 2301 842 2335 NJ
876 2306 910 2331 tu
943 2300 1089 2339 gneuule
1120 2299 1177 2329 ΒΑ
1203 2297 1277 2339 (sed
1297 2299 1331 2328 in
1357 2298 1470 2328 lemm.
1500 2307 1548 2327 AD

218 2355 381 2376 navoLvm
403 2370 409 2376 .
428 2370 435 2376 .
458 2347 483 2383 j)
618 2356 635 2383 4
661 2346 808 2383 gneuule
824 2345 878 2375 BA

264 2389 379 2419 XCIX
404 2389 478 2420 hab.
506 2388 534 2418 T
678 2398 693 2426 7
719 2393 805 2419 mort
825 2388 894 2428 (sic)
915 2393 966 2418 est
984 2398 1037 2427 qu⁴
1057 2388 1139 2429 (om.
1157 2386 1219 2417 hoc
1237 2384 1311 2424 tibi)
1336 2383 1365 2414 T
1510 2393 1548 2413 12

217 2442 360 2472 appares
383 2432 412 2462 T
