1648 2729
786 193 1256 232 EPIGRAMMATON
1288 193 1391 231 LIB.
1426 196 1443 232 Ι

611 304 723 342 LXX

107 375 221 413 Vade
250 375 461 413 salutatum
492 387 562 424 pro
593 388 668 421 me,
700 374 824 413 liber:
863 374 917 414 ire
947 374 1092 413 iuberis

160 440 212 478 ad
243 438 398 478 Proculi
428 438 586 486 nitidos,
618 439 803 487 officiose,
835 441 943 479 lares.

109 504 275 554 Quaeris
306 504 388 552 iter,
420 504 562 542 dicam.
621 504 809 543 Vicinum
841 506 1006 544 Castora
1034 518 1157 544 canae

161 569 343 608 transibis
373 571 520 608 Vestae
549 569 845 620 virgineamque
875 572 1040 609 domum
1057 585 1065 618 3

107 635 200 674 inde
229 648 341 673 sacro
370 636 595 673 veneranda
623 643 733 685 petes
764 636 914 674 Palatia
943 636 1056 683 clivo,

162 700 329 751 plurima
358 713 437 750 qua
466 700 611 738 summi
641 702 763 751 fulget
792 701 923 751 imago
952 701 1075 740 ducis.

108 778 181 803 nec
211 773 249 804 te
278 765 454 806 detineat
484 765 570 803 miri
599 765 748 804 radiata
778 766 921 804 colossi

161 844 264 881 quae
295 831 501 870 Rhodium
532 833 656 870 moles
686 831 843 870 vincere
871 833 1018 882 gaudet
1047 845 1157 882 opus.

108 897 223 935 flecte
251 896 333 935 vias
363 898 437 935 hac
467 910 546 946 qua
576 896 725 935 madidi
755 904 846 935 sunt
875 904 980 936 tecta
1010 898 1129 946 Lyaei

162 969 200 1000 et
230 962 400 1011 Cybeles
429 961 537 1012 picto
566 969 642 1000 stat
673 962 900 1011 Corybante
929 963 1072 1000 tholus.
1408 978 1445 1000 10

110 1026 288 1076 protinus
317 1041 340 1065 a
369 1028 479 1065 laeva
507 1027 600 1065 clari
629 1027 700 1065 tibi
730 1029 858 1066 fronte
888 1029 1056 1066 Penates

162 1091 338 1142 atriaque
368 1093 545 1130 excelsae
574 1100 666 1130 sunt
694 1093 881 1131 adeunda
910 1094 1064 1131 domus.

110 1159 212 1195 hanc
241 1164 357 1207 pete:
397 1171 447 1195 ne
478 1164 630 1196 metuas
660 1158 782 1196 fastus
812 1157 1014 1208 limenque
1044 1158 1283 1209 superbum:

163 1223 271 1261 nulla
300 1222 422 1273 magis
452 1230 537 1261 toto
566 1222 684 1261 ianua
712 1230 826 1273 poste
855 1230 973 1273 patet,

109 1301 183 1326 nec
211 1287 372 1338 propior
400 1301 519 1338 quam
551 1288 739 1326 Phoebus
768 1295 874 1326 amet
903 1289 1126 1338 doctaeque
1157 1301 1320 1327 sorores.
1408 1304 1443 1335 15

163 1352 195 1391 si
224 1353 330 1392 dicet
362 1354 518 1402 ‘Quare
548 1367 629 1392 non
659 1360 793 1392 tamen
822 1353 906 1404 ipse
935 1353 1094 1392 venit?'

109 1425 164 1463 sic
195 1424 285 1463 licet
314 1438 497 1463 excusses
531 1424 659 1473 ‘Quia
688 1424 994 1475 qualiacumque
1022 1426 1204 1476 leguntur

164 1495 247 1542 ista,
280 1496 469 1534 salutator
498 1494 668 1534 scribere
698 1509 779 1534 non
808 1495 961 1546 potuit.'

598 1601 733 1638 LXXI

113 1669 256 1725 Laevia
285 1684 352 1709 sex
381 1669 543 1720 cyathis,
575 1677 728 1720 septem
760 1669 913 1708 Iustina
941 1670 1109 1717 bibatur,

165 1735 341 1786 quinque
372 1737 509 1785 Lycas,
541 1736 653 1785 Lyde
682 1743 878 1786 quattuor,
911 1737 985 1774 Ida
1014 1735 1148 1774 tribus.

112 1798 240 1837 omnis
269 1799 321 1837 ab
350 1797 481 1836 infuso
511 1806 740 1837 numeretur
767 1798 896 1837 amica
925 1799 1106 1846 Falerno,

166 1871 203 1902 et
233 1863 326 1914 quia
355 1865 463 1902 nulla
489 1863 608 1911 venit,
640 1871 682 1902 tu
713 1863 821 1911 mihi,
853 1865 1011 1911 Somne,
1043 1862 1144 1902 veni.

589 1964 749 2001 LXXII

222 2032 377 2072 Nostris
407 2033 584 2072 versibus
614 2046 699 2071 esse
730 2040 768 2072 te
796 2040 971 2084 poetam,

222 2098 443 2146 Fidentine,
475 2106 590 2148 putas
619 2097 812 2148 cupisque
841 2098 981 2137 credi?

161 2202 256 2233 LXX
280 2213 332 2235 vv.
354 2203 438 2232 1-16
460 2202 534 2233 hab.
567 2202 601 2241 T,
621 2213 673 2233 vv.
693 2212 754 2232 1-—2
770 2202 804 2233 R
895 2211 910 2233 1
936 2202 1056 2242 procul
1071 2202 1127 2232 BA
1226 2214 1244 2241 4
1270 2207 1383 2234 nestas
1403 2204 1453 2234 CA

114 2256 132 2286 5
157 2247 356 2277 uenerando
376 2247 425 2277 CA
471 2246 595 2286 palatio
616 2247 666 2277 CA
681 2250 720 2276 ut
733 2246 798 2278 vid.
818 2247 866 2285 (-o
881 2245 958 2286 EX,
979 2257 1012 2276 -a
1027 2246 1142 2280 ABG)
1255 2257 1271 2285 7
1297 2247 1380 2278 miro
1397 2247 1453 2277 ΒΑ

114 2291 238 2321 coloris
259 2290 289 2321 T
405 2300 427 2329 9
449 2290 534 2320 haec
556 2290 585 2321 T
702 2300 742 2320 10
764 2295 859 2321 torus
875 2290 955 2321 AA:
982 2290 1096 2321 tholus
1112 2289 1223 2321 BACA
1345 2301 1383 2329 13
1408 2302 1452 2321 ne

114 2333 248 2365 AABA:
275 2344 337 2364 nec
357 2333 406 2364 CA
505 2334 689 2374 lumenque
712 2334 742 2365 T
932 2343 970 2372 15
995 2334 1107 2372 potior
1122 2333 1204 2364 AA:
1228 2334 1386 2373 proprior
1404 2334 1455 2365 CA

115 2387 215 2416 quam
238 2387 305 2408 om.
333 2377 363 2407 T
461 2382 550 2407 amat
565 2377 623 2407 ΒΑ
771 2387 808 2415 17
834 2377 882 2408 sic
905 2376 982 2409 BA:
1006 2377 1034 2407 si
1055 2377 1104 2408 CA
1121 2380 1157 2407 ut
1170 2377 1235 2408 vid.

130 2417 133 2419 ’
160 2420 274 2451 LXXI
304 2431 316 2451 1
343 2421 478 2460 quathis
498 2421 548 2451 CA
572 2426 648 2461 (pro
671 2420 830 2461 quiathis,
854 2421 906 2453 i.e.
932 2421 1080 2462 cyathis)
1234 2432 1253 2452 2
1277 2421 1362 2460 lycis
1378 2421 1451 2453 BA:

116 2463 209 2502 lyeas
227 2463 276 2494 CA
407 2475 428 2504 3
451 2465 558 2496 effuso
575 2464 630 2493 ΒΛ
645 2476 652 2496 :
676 2464 786 2496 infuso
804 2464 854 2496 CA
1276 2486 1278 2491 ι
