<?xml version="1.0" encoding="UTF-8"?>
<!DOCTYPE html PUBLIC "-//W3C//DTD XHTML 1.0 Transitional//EN"
    "http://www.w3.org/TR/xhtml1/DTD/xhtml1-transitional.dtd">
<html xmlns="http://www.w3.org/1999/xhtml" xml:lang="en" lang="en">
 <head>
  <title>
</title>
<meta http-equiv="Content-Type" content="text/html;charset=utf-8" />
  <meta name='ocr-system' content='tesseract 3.04.00' />
  <meta name='ocr-capabilities' content='ocr_page ocr_carea ocr_par ocr_line ocrx_word'/>
</head>
<body>
  <div class='ocr_page' id='page_1' title='image "./epigrammatasele00martuoft_0225.png"; bbox 0 0 1648 2729; ppageno 0'>
   <div class='ocr_carea' id='block_1_1' title="bbox 723 169 1423 211">
    <p class='ocr_par' dir='ltr' id='par_1_1' title="bbox 723 169 1423 211">
     <span class='ocr_line' id='line_1_1' title="bbox 723 169 1423 211; baseline 0.007 -5"><span class='ocrx_word' id='word_1_1' title='bbox 723 169 1193 211; x_wconf 88' lang='lat' dir='ltr'><strong>EPIGRAMMATON</strong></span> <span class='ocrx_word' id='word_1_2' title='bbox 1225 172 1330 210; x_wconf 92' lang='lat' dir='ltr'><strong>LIB.</strong></span> <span class='ocrx_word' id='word_1_3' title='bbox 1363 173 1423 211; x_wconf 90' lang='lat' dir='ltr'>IX</span> 
     </span>
    </p>
   </div>
   <div class='ocr_carea' id='block_1_2' title="bbox 82 279 1426 797">
    <p class='ocr_par' dir='ltr' id='par_1_2' title="bbox 82 279 1426 797">
     <span class='ocr_line' id='line_1_2' title="bbox 82 279 1422 332; baseline 0.003 -14"><span class='ocrx_word' id='word_1_4' title='bbox 82 286 202 330; x_wconf 89' lang='lat' dir='ltr'>atque</span> <span class='ocrx_word' id='word_1_5' title='bbox 231 281 364 320; x_wconf 87' lang='lat' dir='ltr'>oluere</span> <span class='ocrx_word' id='word_1_6' title='bbox 393 281 492 319; x_wconf 83' lang='lat' dir='ltr'>lares</span> <span class='ocrx_word' id='word_1_7' title='bbox 521 279 778 320; x_wconf 84' lang='lat' dir='ltr'>comissatore</span> <span class='ocrx_word' id='word_1_8' title='bbox 810 283 942 331; x_wconf 82' lang='lat' dir='ltr'>Lyaeo</span> <span class='ocrx_word' id='word_1_9' title='bbox 1385 301 1422 332; x_wconf 83' lang='lat'>15</span> 
     </span>
     <span class='ocr_line' id='line_1_3' title="bbox 137 344 978 396; baseline 0.004 -13"><span class='ocrx_word' id='word_1_10' title='bbox 137 344 257 384; x_wconf 87' lang='lat' dir='ltr'>crevit</span> <span class='ocrx_word' id='word_1_11' title='bbox 286 353 325 384; x_wconf 92' lang='lat' dir='ltr'>et</span> <span class='ocrx_word' id='word_1_12' title='bbox 353 347 478 384; x_wconf 85' lang='lat' dir='ltr'>effuso</span> <span class='ocrx_word' id='word_1_13' title='bbox 507 345 645 384; x_wconf 85' lang='lat' dir='ltr'>laetior</span> <span class='ocrx_word' id='word_1_14' title='bbox 673 347 814 385; x_wconf 90' lang='lat' dir='ltr'>umbra</span> <span class='ocrx_word' id='word_1_15' title='bbox 843 360 952 386; x_wconf 91' lang='lat' dir='ltr'>mero</span> <span class='ocrx_word' id='word_1_16' title='bbox 966 361 978 396; x_wconf 80' lang='lat'><em>3</em></span> 
     </span>
     <span class='ocr_line' id='line_1_4' title="bbox 83 409 1140 461; baseline 0.004 -13"><span class='ocrx_word' id='word_1_17' title='bbox 83 409 356 461; x_wconf 87' lang='lat' dir='ltr'>hesternisque</span> <span class='ocrx_word' id='word_1_18' title='bbox 385 411 530 450; x_wconf 90' lang='lat' dir='ltr'>rubens</span> <span class='ocrx_word' id='word_1_19' title='bbox 560 410 714 450; x_wconf 89' lang='lat' dir='ltr'>deiecta</span> <span class='ocrx_word' id='word_1_20' title='bbox 744 419 802 450; x_wconf 89' lang='lat' dir='ltr'>est</span> <span class='ocrx_word' id='word_1_21' title='bbox 831 412 954 451; x_wconf 87' lang='lat' dir='ltr'>herba</span> <span class='ocrx_word' id='word_1_22' title='bbox 983 413 1140 452; x_wconf 88' lang='lat' dir='ltr'>coronis</span> 
     </span>
     <span class='ocr_line' id='line_1_5' title="bbox 135 476 987 526; baseline 0.004 -12"><span class='ocrx_word' id='word_1_23' title='bbox 135 483 256 526; x_wconf 88' lang='lat' dir='ltr'>atque</span> <span class='ocrx_word' id='word_1_24' title='bbox 284 489 374 515; x_wconf 89' lang='lat' dir='ltr'>suas</span> <span class='ocrx_word' id='word_1_25' title='bbox 402 476 532 526; x_wconf 89' lang='lat' dir='ltr'>potuit</span> <span class='ocrx_word' id='word_1_26' title='bbox 560 476 692 515; x_wconf 81' lang='lat' dir='ltr'>dicere</span> <span class='ocrx_word' id='word_1_27' title='bbox 721 490 840 516; x_wconf 89' lang='lat' dir='ltr'>nemo</span> <span class='ocrx_word' id='word_1_28' title='bbox 869 491 987 517; x_wconf 91' lang='lat' dir='ltr'>rosas.</span> 
     </span>
     <span class='ocr_line' id='line_1_6' title="bbox 85 540 1003 592; baseline 0.002 -12"><span class='ocrx_word' id='word_1_29' title='bbox 85 542 120 580; x_wconf 96' lang='lat' dir='ltr'>O</span> <span class='ocrx_word' id='word_1_30' title='bbox 151 540 295 580; x_wconf 88' lang='lat' dir='ltr'>dilecta</span> <span class='ocrx_word' id='word_1_31' title='bbox 324 541 419 589; x_wconf 87' lang='lat' dir='ltr'>deis,</span> <span class='ocrx_word' id='word_1_32' title='bbox 451 555 476 580; x_wconf 95' lang='lat' dir='ltr'>o</span> <span class='ocrx_word' id='word_1_33' title='bbox 506 541 638 592; x_wconf 87' lang='lat' dir='ltr'>magni</span> <span class='ocrx_word' id='word_1_34' title='bbox 668 542 848 582; x_wconf 82' lang='lat' dir='ltr'>Caesaris</span> <span class='ocrx_word' id='word_1_35' title='bbox 877 543 1003 591; x_wconf 87' lang='lat' dir='ltr'>arbor,</span> 
     </span>
     <span class='ocr_line' id='line_1_7' title="bbox 137 606 1426 658; baseline 0.002 -14"><span class='ocrx_word' id='word_1_36' title='bbox 137 619 187 645; x_wconf 92' lang='lat' dir='ltr'>ne</span> <span class='ocrx_word' id='word_1_37' title='bbox 217 614 369 646; x_wconf 90' lang='lat' dir='ltr'>metuas</span> <span class='ocrx_word' id='word_1_38' title='bbox 398 608 543 646; x_wconf 85' lang='lat' dir='ltr'>ferrum</span> <span class='ocrx_word' id='word_1_39' title='bbox 572 606 861 658; x_wconf 88' lang='lat' dir='ltr'>sacrilegosque</span> <span class='ocrx_word' id='word_1_40' title='bbox 890 609 1012 647; x_wconf 85' lang='lat' dir='ltr'>focos.</span> <span class='ocrx_word' id='word_1_41' title='bbox 1386 626 1426 648; x_wconf 87' lang='lat'>20</span> 
     </span>
     <span class='ocr_line' id='line_1_8' title="bbox 82 671 1102 723; baseline 0.002 -12"><span class='ocrx_word' id='word_1_42' title='bbox 82 679 294 722; x_wconf 89' lang='lat' dir='ltr'>perpetuos</span> <span class='ocrx_word' id='word_1_43' title='bbox 323 685 478 723; x_wconf 86' lang='lat' dir='ltr'>sperare</span> <span class='ocrx_word' id='word_1_44' title='bbox 506 672 598 711; x_wconf 89' lang='lat' dir='ltr'>licet</span> <span class='ocrx_word' id='word_1_45' title='bbox 627 671 698 711; x_wconf 88' lang='lat' dir='ltr'>tibi</span> <span class='ocrx_word' id='word_1_46' title='bbox 726 673 877 712; x_wconf 87' lang='lat' dir='ltr'>frondis</span> <span class='ocrx_word' id='word_1_47' title='bbox 907 671 1102 713; x_wconf 85' lang='lat' dir='ltr'>honores:</span> 
     </span>
     <span class='ocr_line' id='line_1_9' title="bbox 137 737 962 797; baseline 0.004 -22"><span class='ocrx_word' id='word_1_48' title='bbox 137 751 218 776; x_wconf 92' lang='lat' dir='ltr'>non</span> <span class='ocrx_word' id='word_1_49' title='bbox 249 737 517 788; x_wconf 85' lang='lat' dir='ltr'>Pompeianae</span> <span class='ocrx_word' id='word_1_50' title='bbox 546 745 585 777; x_wconf 91' lang='lat' dir='ltr'>te</span> <span class='ocrx_word' id='word_1_51' title='bbox 613 752 781 789; x_wconf 87' lang='lat' dir='ltr'>posuere</span> <span class='ocrx_word' id='word_1_52' title='bbox 811 753 962 797; x_wconf 77' lang='lat' dir='ltr'>manus,</span> 
     </span>
    </p>
   </div>
   <div class='ocr_carea' id='block_1_3' title="bbox 584 842 704 879">
    <p class='ocr_par' dir='ltr' id='par_1_3' title="bbox 584 842 704 879">
     <span class='ocr_line' id='line_1_10' title="bbox 584 842 704 879; baseline 0 0"><span class='ocrx_word' id='word_1_53' title='bbox 584 842 704 879; x_wconf 90' lang='lat' dir='ltr'>LXII</span> 
     </span>
    </p>
   </div>
   <div class='ocr_carea' id='block_1_4' title="bbox 191 910 1006 1156">
    <p class='ocr_par' dir='ltr' id='par_1_4' title="bbox 191 910 1006 1156">
     <span class='ocr_line' id='line_1_11' title="bbox 191 910 1006 963; baseline 0.002 -14"><span class='ocrx_word' id='word_1_54' title='bbox 191 910 345 950; x_wconf 83' lang='lat' dir='ltr'>Tinctis</span> <span class='ocrx_word' id='word_1_55' title='bbox 376 911 524 951; x_wconf 90' lang='lat' dir='ltr'>murice</span> <span class='ocrx_word' id='word_1_56' title='bbox 552 912 728 951; x_wconf 84' lang='lat' dir='ltr'>vestibus</span> <span class='ocrx_word' id='word_1_57' title='bbox 757 913 867 963; x_wconf 90' lang='lat' dir='ltr'>quod</span> <span class='ocrx_word' id='word_1_58' title='bbox 896 912 1006 951; x_wconf 90' lang='lat' dir='ltr'>omni</span> 
     </span>
     <span class='ocr_line' id='line_1_12' title="bbox 191 977 928 1026; baseline 0.001 -11"><span class='ocrx_word' id='word_1_59' title='bbox 191 984 230 1015; x_wconf 90' lang='lat' dir='ltr'>et</span> <span class='ocrx_word' id='word_1_60' title='bbox 259 985 377 1016; x_wconf 92' lang='lat' dir='ltr'>nocte</span> <span class='ocrx_word' id='word_1_61' title='bbox 406 977 526 1016; x_wconf 87' lang='lat' dir='ltr'>utitur</span> <span class='ocrx_word' id='word_1_62' title='bbox 554 985 593 1016; x_wconf 90' lang='lat' dir='ltr'>et</span> <span class='ocrx_word' id='word_1_63' title='bbox 622 977 687 1016; x_wconf 87' lang='lat' dir='ltr'>die</span> <span class='ocrx_word' id='word_1_64' title='bbox 717 977 928 1026; x_wconf 86' lang='lat' dir='ltr'>Philaenis,</span> 
     </span>
     <span class='ocr_line' id='line_1_13' title="bbox 192 1042 928 1093; baseline 0.001 -13"><span class='ocrx_word' id='word_1_65' title='bbox 192 1055 275 1080; x_wconf 89' lang='lat' dir='ltr'>non</span> <span class='ocrx_word' id='word_1_66' title='bbox 303 1050 362 1081; x_wconf 92' lang='lat' dir='ltr'>est</span> <span class='ocrx_word' id='word_1_67' title='bbox 390 1042 602 1081; x_wconf 86' lang='lat' dir='ltr'>ambitiosa</span> <span class='ocrx_word' id='word_1_68' title='bbox 630 1056 704 1081; x_wconf 91' lang='lat' dir='ltr'>nec</span> <span class='ocrx_word' id='word_1_69' title='bbox 734 1043 928 1093; x_wconf 87' lang='lat' dir='ltr'>superba:</span> 
     </span>
     <span class='ocr_line' id='line_1_14' title="bbox 192 1108 858 1156; baseline 0 -10"><span class='ocrx_word' id='word_1_70' title='bbox 192 1109 411 1147; x_wconf 86' lang='lat' dir='ltr'>delectatur</span> <span class='ocrx_word' id='word_1_71' title='bbox 439 1108 573 1156; x_wconf 88' lang='lat' dir='ltr'>odore,</span> <span class='ocrx_word' id='word_1_72' title='bbox 604 1121 686 1146; x_wconf 89' lang='lat' dir='ltr'>non</span> <span class='ocrx_word' id='word_1_73' title='bbox 715 1109 858 1147; x_wconf 79' lang='lat' dir='ltr'>colore.</span> 
     </span>
    </p>
   </div>
   <div class='ocr_carea' id='block_1_5' title="bbox 571 1215 710 1252">
    <p class='ocr_par' dir='ltr' id='par_1_5' title="bbox 571 1215 710 1252">
     <span class='ocr_line' id='line_1_15' title="bbox 571 1215 710 1252; baseline -0.007 0"><span class='ocrx_word' id='word_1_74' title='bbox 571 1215 710 1252; x_wconf 91' lang='lat' dir='ltr'>LXIV</span> 
     </span>
    </p>
   </div>
   <div class='ocr_carea' id='block_1_6' title="bbox 86 1284 1425 1782">
    <p class='ocr_par' dir='ltr' id='par_1_6' title="bbox 86 1284 1425 1782">
     <span class='ocr_line' id='line_1_16' title="bbox 87 1284 1114 1335; baseline 0.001 -12"><span class='ocrx_word' id='word_1_75' title='bbox 87 1284 273 1324; x_wconf 86' lang='lat' dir='ltr'>Herculis</span> <span class='ocrx_word' id='word_1_76' title='bbox 302 1284 343 1323; x_wconf 92' lang='lat' dir='ltr'>in</span> <span class='ocrx_word' id='word_1_77' title='bbox 372 1284 505 1335; x_wconf 86' lang='lat' dir='ltr'>magni</span> <span class='ocrx_word' id='word_1_78' title='bbox 533 1286 663 1323; x_wconf 89' lang='lat' dir='ltr'>voltus</span> <span class='ocrx_word' id='word_1_79' title='bbox 692 1285 937 1324; x_wconf 84' lang='lat' dir='ltr'>descendere</span> <span class='ocrx_word' id='word_1_80' title='bbox 968 1285 1114 1325; x_wconf 88' lang='lat' dir='ltr'>Caesar</span> 
     </span>
     <span class='ocr_line' id='line_1_17' title="bbox 138 1349 1018 1401; baseline 0.001 -13"><span class='ocrx_word' id='word_1_81' title='bbox 138 1350 322 1401; x_wconf 86' lang='lat' dir='ltr'>dignatus</span> <span class='ocrx_word' id='word_1_82' title='bbox 352 1349 489 1389; x_wconf 88' lang='lat' dir='ltr'>Latiae</span> <span class='ocrx_word' id='word_1_83' title='bbox 518 1351 587 1389; x_wconf 89' lang='lat' dir='ltr'>dat</span> <span class='ocrx_word' id='word_1_84' title='bbox 614 1364 718 1389; x_wconf 84' lang='lat' dir='ltr'>nova</span> <span class='ocrx_word' id='word_1_85' title='bbox 746 1352 894 1401; x_wconf 86' lang='lat' dir='ltr'>templa</span> <span class='ocrx_word' id='word_1_86' title='bbox 922 1350 1018 1399; x_wconf 89' lang='lat' dir='ltr'>viae,</span> 
     </span>
     <span class='ocr_line' id='line_1_18' title="bbox 86 1415 1157 1467; baseline 0 -12"><span class='ocrx_word' id='word_1_87' title='bbox 86 1429 165 1467; x_wconf 87' lang='lat' dir='ltr'>qua</span> <span class='ocrx_word' id='word_1_88' title='bbox 193 1415 349 1455; x_wconf 90' lang='lat' dir='ltr'>Triviae</span> <span class='ocrx_word' id='word_1_89' title='bbox 378 1429 589 1455; x_wconf 84' lang='lat' dir='ltr'>nemorosa</span> <span class='ocrx_word' id='word_1_90' title='bbox 617 1416 716 1467; x_wconf 85' lang='lat' dir='ltr'>petit</span> <span class='ocrx_word' id='word_1_91' title='bbox 744 1417 842 1456; x_wconf 89' lang='lat' dir='ltr'>dum</span> <span class='ocrx_word' id='word_1_92' title='bbox 871 1429 1000 1467; x_wconf 88' lang='lat' dir='ltr'>regna,</span> <span class='ocrx_word' id='word_1_93' title='bbox 1032 1415 1157 1455; x_wconf 89' lang='lat' dir='ltr'>viator</span> 
     </span>
     <span class='ocr_line' id='line_1_19' title="bbox 140 1481 1058 1532; baseline 0 -12"><span class='ocrx_word' id='word_1_94' title='bbox 140 1489 326 1521; x_wconf 85' lang='lat' dir='ltr'>octavum</span> <span class='ocrx_word' id='word_1_95' title='bbox 355 1481 519 1521; x_wconf 84' lang='lat' dir='ltr'>domina</span> <span class='ocrx_word' id='word_1_96' title='bbox 548 1495 719 1521; x_wconf 90' lang='lat' dir='ltr'>marmor</span> <span class='ocrx_word' id='word_1_97' title='bbox 747 1482 798 1521; x_wconf 90' lang='lat' dir='ltr'>ab</span> <span class='ocrx_word' id='word_1_98' title='bbox 828 1482 926 1521; x_wconf 88' lang='lat' dir='ltr'>urbe</span> <span class='ocrx_word' id='word_1_99' title='bbox 955 1481 1058 1532; x_wconf 88' lang='lat' dir='ltr'>legit.</span> 
     </span>
     <span class='ocr_line' id='line_1_20' title="bbox 86 1547 1425 1598; baseline -0.001 -12"><span class='ocrx_word' id='word_1_100' title='bbox 86 1554 178 1586; x_wconf 86' lang='lat' dir='ltr'>ante</span> <span class='ocrx_word' id='word_1_101' title='bbox 207 1547 412 1586; x_wconf 87' lang='lat' dir='ltr'>colebatur</span> <span class='ocrx_word' id='word_1_102' title='bbox 439 1547 540 1586; x_wconf 88' lang='lat' dir='ltr'>votis</span> <span class='ocrx_word' id='word_1_103' title='bbox 570 1554 609 1586; x_wconf 88' lang='lat' dir='ltr'>et</span> <span class='ocrx_word' id='word_1_104' title='bbox 637 1547 829 1598; x_wconf 85' lang='lat' dir='ltr'>sanguine</span> <span class='ocrx_word' id='word_1_105' title='bbox 858 1548 976 1597; x_wconf 86' lang='lat' dir='ltr'>largo,</span> <span class='ocrx_word' id='word_1_106' title='bbox 1409 1563 1425 1594; x_wconf 87' lang='lat'>5</span> 
     </span>
     <span class='ocr_line' id='line_1_21' title="bbox 141 1611 1072 1663; baseline -0.001 -12"><span class='ocrx_word' id='word_1_107' title='bbox 141 1612 332 1651; x_wconf 89' lang='lat' dir='ltr'>maiorem</span> <span class='ocrx_word' id='word_1_108' title='bbox 360 1612 531 1652; x_wconf 80' lang='lat' dir='ltr'>Alciden</span> <span class='ocrx_word' id='word_1_109' title='bbox 560 1626 668 1652; x_wconf 91' lang='lat' dir='ltr'>nunc</span> <span class='ocrx_word' id='word_1_110' title='bbox 697 1612 826 1651; x_wconf 91' lang='lat' dir='ltr'>minor</span> <span class='ocrx_word' id='word_1_111' title='bbox 854 1612 938 1663; x_wconf 91' lang='lat' dir='ltr'>ipse</span> <span class='ocrx_word' id='word_1_112' title='bbox 967 1611 1072 1651; x_wconf 90' lang='lat' dir='ltr'>colit.</span> 
     </span>
     <span class='ocr_line' id='line_1_22' title="bbox 87 1678 1279 1729; baseline -0.001 -13"><span class='ocrx_word' id='word_1_113' title='bbox 87 1679 194 1717; x_wconf 90' lang='lat' dir='ltr'>hunc</span> <span class='ocrx_word' id='word_1_114' title='bbox 223 1691 386 1728; x_wconf 87' lang='lat' dir='ltr'>magnas</span> <span class='ocrx_word' id='word_1_115' title='bbox 415 1686 525 1728; x_wconf 85' lang='lat' dir='ltr'>rogat</span> <span class='ocrx_word' id='word_1_116' title='bbox 553 1679 650 1717; x_wconf 86' lang='lat' dir='ltr'>alter</span> <span class='ocrx_word' id='word_1_117' title='bbox 679 1691 786 1729; x_wconf 83' lang='lat' dir='ltr'>opeS‚</span> <span class='ocrx_word' id='word_1_118' title='bbox 818 1685 928 1728; x_wconf 88' lang='lat' dir='ltr'>rogat</span> <span class='ocrx_word' id='word_1_119' title='bbox 956 1679 1054 1717; x_wconf 88' lang='lat' dir='ltr'>alter</span> <span class='ocrx_word' id='word_1_120' title='bbox 1082 1678 1253 1716; x_wconf 89' lang='lat' dir='ltr'>honores</span> <span class='ocrx_word' id='word_1_121' title='bbox 1268 1691 1279 1726; x_wconf 65' lang='grc' dir='ltr'><em>ς</em></span> 
     </span>
     <span class='ocr_line' id='line_1_23' title="bbox 140 1742 818 1782; baseline 0.001 -1"><span class='ocrx_word' id='word_1_122' title='bbox 140 1742 196 1781; x_wconf 76' lang='lat' dir='ltr'>illi</span> <span class='ocrx_word' id='word_1_123' title='bbox 224 1756 384 1782; x_wconf 89' lang='lat' dir='ltr'>securus</span> <span class='ocrx_word' id='word_1_124' title='bbox 413 1751 505 1782; x_wconf 83' lang='lat' dir='ltr'>vota</span> <span class='ocrx_word' id='word_1_125' title='bbox 534 1743 688 1782; x_wconf 89' lang='lat' dir='ltr'>minora</span> <span class='ocrx_word' id='word_1_126' title='bbox 715 1743 818 1782; x_wconf 82' lang='lat' dir='ltr'>facit.</span> 
     </span>
    </p>
   </div>
   <div class='ocr_carea' id='block_1_7' title="bbox 594 1851 708 1888">
    <p class='ocr_par' dir='ltr' id='par_1_7' title="bbox 594 1851 708 1888">
     <span class='ocr_line' id='line_1_24' title="bbox 594 1851 708 1888; baseline -0.009 0"><span class='ocrx_word' id='word_1_127' title='bbox 594 1851 708 1888; x_wconf 88' lang='lat' dir='ltr'>LXV</span> 
     </span>
    </p>
   </div>
   <div class='ocr_carea' id='block_1_8' title="bbox 88 1919 1119 2155">
    <p class='ocr_par' dir='ltr' id='par_1_8' title="bbox 88 1919 1088 2036">
     <span class='ocr_line' id='line_1_25' title="bbox 88 1919 1019 1971; baseline -0.001 -13"><span class='ocrx_word' id='word_1_128' title='bbox 88 1919 241 1968; x_wconf 86' lang='lat' dir='ltr'>Alcide,</span> <span class='ocrx_word' id='word_1_129' title='bbox 271 1919 386 1959; x_wconf 88' lang='lat' dir='ltr'>Latio</span> <span class='ocrx_word' id='word_1_130' title='bbox 415 1934 522 1959; x_wconf 90' lang='lat' dir='ltr'>nunc</span> <span class='ocrx_word' id='word_1_131' title='bbox 550 1921 804 1971; x_wconf 85' lang='lat' dir='ltr'>agnoscende</span> <span class='ocrx_word' id='word_1_132' title='bbox 833 1919 1019 1967; x_wconf 86' lang='lat' dir='ltr'>Tonanti,</span> 
     </span>
     <span class='ocr_line' id='line_1_26' title="bbox 142 1984 1088 2036; baseline -0.001 -12"><span class='ocrx_word' id='word_1_133' title='bbox 142 1993 352 2036; x_wconf 86' lang='lat' dir='ltr'>postquam</span> <span class='ocrx_word' id='word_1_134' title='bbox 383 1987 549 2036; x_wconf 90' lang='lat' dir='ltr'>pulchra</span> <span class='ocrx_word' id='word_1_135' title='bbox 578 1985 643 2024; x_wconf 91' lang='lat' dir='ltr'>dei</span> <span class='ocrx_word' id='word_1_136' title='bbox 673 1985 852 2025; x_wconf 87' lang='lat' dir='ltr'>Caesaris</span> <span class='ocrx_word' id='word_1_137' title='bbox 882 1998 950 2024; x_wconf 91' lang='lat' dir='ltr'>ora</span> <span class='ocrx_word' id='word_1_138' title='bbox 977 1984 1088 2035; x_wconf 88' lang='lat' dir='ltr'>geris,</span> 
     </span>
    </p>

    <p class='ocr_par' dir='ltr' id='par_1_9' title="bbox 89 2049 1119 2155">
     <span class='ocr_line' id='line_1_27' title="bbox 89 2049 1072 2101; baseline -0.001 -12"><span class='ocrx_word' id='word_1_139' title='bbox 89 2050 121 2090; x_wconf 89' lang='lat' dir='ltr'>si</span> <span class='ocrx_word' id='word_1_140' title='bbox 150 2050 222 2090; x_wconf 89' lang='lat' dir='ltr'>tibi</span> <span class='ocrx_word' id='word_1_141' title='bbox 250 2058 346 2090; x_wconf 90' lang='lat' dir='ltr'>tunc</span> <span class='ocrx_word' id='word_1_142' title='bbox 374 2050 438 2090; x_wconf 88' lang='lat' dir='ltr'>isti</span> <span class='ocrx_word' id='word_1_143' title='bbox 467 2052 598 2090; x_wconf 89' lang='lat' dir='ltr'>vultus</span> <span class='ocrx_word' id='word_1_144' title='bbox 627 2050 867 2101; x_wconf 84' lang='lat' dir='ltr'>habitusque</span> <span class='ocrx_word' id='word_1_145' title='bbox 896 2049 1072 2098; x_wconf 86' lang='lat' dir='ltr'>fuissent,</span> 
     </span>
     <span class='ocr_line' id='line_1_28' title="bbox 143 2115 1119 2155; baseline -0.001 0"><span class='ocrx_word' id='word_1_146' title='bbox 143 2124 346 2155; x_wconf 87' lang='lat' dir='ltr'>cesserunt</span> <span class='ocrx_word' id='word_1_147' title='bbox 375 2116 558 2155; x_wconf 90' lang='lat' dir='ltr'>manibus</span> <span class='ocrx_word' id='word_1_148' title='bbox 588 2130 680 2155; x_wconf 92' lang='lat' dir='ltr'>cum</span> <span class='ocrx_word' id='word_1_149' title='bbox 709 2117 790 2155; x_wconf 87' lang='lat' dir='ltr'>fera</span> <span class='ocrx_word' id='word_1_150' title='bbox 815 2123 990 2155; x_wconf 89' lang='lat' dir='ltr'>monstra</span> <span class='ocrx_word' id='word_1_151' title='bbox 1019 2115 1119 2154; x_wconf 89' lang='lat' dir='ltr'>tuis:</span> 
     </span>
    </p>
   </div>
   <div class='ocr_carea' id='block_1_9' title="bbox 91 2219 1430 2481">
    <p class='ocr_par' dir='ltr' id='par_1_10' title="bbox 92 2219 1430 2348">
     <span class='ocr_line' id='line_1_29' title="bbox 137 2219 1430 2261; baseline 0 -11"><span class='ocrx_word' id='word_1_152' title='bbox 137 2231 174 2260; x_wconf 86' lang='lat'>17</span> <span class='ocrx_word' id='word_1_153' title='bbox 199 2220 300 2252; x_wconf 84' lang='lat' dir='ltr'>rubes</span> <span class='ocrx_word' id='word_1_154' title='bbox 320 2220 368 2251; x_wconf 78' lang='lat' dir='ltr'>CA</span> <span class='ocrx_word' id='word_1_155' title='bbox 385 2224 422 2251; x_wconf 85' lang='lat' dir='ltr'>ut</span> <span class='ocrx_word' id='word_1_156' title='bbox 433 2220 496 2253; x_wconf 80' lang='lat' dir='ltr'>vid.</span> <span class='ocrx_word' id='word_1_157' title='bbox 582 2221 714 2252; x_wconf 86' lang='lat' dir='ltr'>delecta</span> <span class='ocrx_word' id='word_1_158' title='bbox 732 2220 779 2252; x_wconf 68' lang='lat' dir='ltr'>CA</span> <span class='ocrx_word' id='word_1_159' title='bbox 797 2220 889 2261; x_wconf 83' lang='lat' dir='ltr'>(cum</span> <span class='ocrx_word' id='word_1_160' title='bbox 905 2220 972 2261; x_wconf 86' lang='lat' dir='ltr'>Lf)</span> <span class='ocrx_word' id='word_1_161' title='bbox 992 2219 1018 2261; x_wconf 84' lang='lat' dir='ltr'>(l</span> <span class='ocrx_word' id='word_1_162' title='bbox 1029 2224 1092 2260; x_wconf 84' lang='lat' dir='ltr'>pro</span> <span class='ocrx_word' id='word_1_163' title='bbox 1103 2220 1131 2259; x_wconf 71' lang='lat' dir='ltr'>j)</span> <span class='ocrx_word' id='word_1_164' title='bbox 1239 2219 1278 2250; x_wconf 90' lang='lat'>18</span> <span class='ocrx_word' id='word_1_165' title='bbox 1296 2223 1374 2260; x_wconf 77' lang='lat' dir='ltr'>post</span> <span class='ocrx_word' id='word_1_166' title='bbox 1390 2229 1430 2259; x_wconf 91' lang='lat'>19</span> 
     </span>
     <span class='ocr_line' id='line_1_30' title="bbox 93 2263 1430 2306; baseline -0.001 -10"><span class='ocrx_word' id='word_1_167' title='bbox 93 2265 138 2296; x_wconf 59' lang='lat' dir='ltr'>C*</span> <span class='ocrx_word' id='word_1_168' title='bbox 154 2268 192 2295; x_wconf 86' lang='lat' dir='ltr'>ut</span> <span class='ocrx_word' id='word_1_169' title='bbox 206 2264 269 2296; x_wconf 82' lang='lat' dir='ltr'>vid.</span> <span class='ocrx_word' id='word_1_170' title='bbox 287 2264 383 2306; x_wconf 73' lang='lat' dir='ltr'>(EA,</span> <span class='ocrx_word' id='word_1_171' title='bbox 404 2275 469 2295; x_wconf 84' lang='lat' dir='ltr'>non</span> <span class='ocrx_word' id='word_1_172' title='bbox 482 2263 568 2299; x_wconf 83' lang='lat' dir='ltr'>XV]</span> <span class='ocrx_word' id='word_1_173' title='bbox 688 2275 728 2304; x_wconf 90' lang='lat'>19</span> <span class='ocrx_word' id='word_1_174' title='bbox 751 2263 806 2295; x_wconf 86' lang='lat' dir='ltr'>dei</span> <span class='ocrx_word' id='word_1_175' title='bbox 825 2264 874 2295; x_wconf 72' lang='lat' dir='ltr'>CA</span> <span class='ocrx_word' id='word_1_176' title='bbox 983 2273 1026 2294; x_wconf 87' lang='lat'>20</span> <span class='ocrx_word' id='word_1_177' title='bbox 1050 2274 1113 2294; x_wconf 89' lang='lat' dir='ltr'>nec</span> <span class='ocrx_word' id='word_1_178' title='bbox 1129 2263 1185 2293; x_wconf 74' lang='grc' dir='ltr'>ΒΑ</span> <span class='ocrx_word' id='word_1_179' title='bbox 1295 2273 1333 2294; x_wconf 84' lang='lat'>21</span> <span class='ocrx_word' id='word_1_180' title='bbox 1352 2273 1430 2303; x_wconf 89' lang='lat' dir='ltr'>per-</span> 
     </span>
     <span class='ocr_line' id='line_1_31' title="bbox 92 2306 1165 2348; baseline -0.001 -9"><span class='ocrx_word' id='word_1_181' title='bbox 92 2314 195 2348; x_wconf 79' lang='lat' dir='ltr'>petuo</span> <span class='ocrx_word' id='word_1_182' title='bbox 214 2308 262 2339; x_wconf 73' lang='lat' dir='ltr'>CA</span> <span class='ocrx_word' id='word_1_183' title='bbox 468 2308 567 2340; x_wconf 90' lang='lat' dir='ltr'>LXII</span> <span class='ocrx_word' id='word_1_184' title='bbox 592 2319 612 2347; x_wconf 88' lang='lat'><strong>4</strong></span> <span class='ocrx_word' id='word_1_185' title='bbox 635 2309 739 2339; x_wconf 86' lang='lat' dir='ltr'>odere</span> <span class='ocrx_word' id='word_1_186' title='bbox 756 2319 790 2339; x_wconf 80' lang='lat' dir='ltr'>n.</span> <span class='ocrx_word' id='word_1_187' title='bbox 807 2307 920 2339; x_wconf 89' lang='lat' dir='ltr'>colere</span> <span class='ocrx_word' id='word_1_188' title='bbox 937 2306 989 2338; x_wconf 76' lang='lat' dir='ltr'>CA</span> <span class='ocrx_word' id='word_1_189' title='bbox 1007 2309 1042 2347; x_wconf 86' lang='lat' dir='ltr'>(e</span> <span class='ocrx_word' id='word_1_190' title='bbox 1054 2312 1115 2348; x_wconf 84' lang='lat' dir='ltr'>pro</span> <span class='ocrx_word' id='word_1_191' title='bbox 1131 2308 1165 2348; x_wconf 87' lang='grc' dir='ltr'>ο)</span> 
     </span>
    </p>

    <p class='ocr_par' dir='ltr' id='par_1_11' title="bbox 91 2350 1430 2481">
     <span class='ocr_line' id='line_1_32' title="bbox 135 2350 1430 2391; baseline -0.001 -8"><span class='ocrx_word' id='word_1_192' title='bbox 135 2352 247 2383; x_wconf 88' lang='lat' dir='ltr'>LXIV</span> <span class='ocrx_word' id='word_1_193' title='bbox 263 2363 339 2382; x_wconf 85' lang='lat' dir='ltr'>cum</span> <span class='ocrx_word' id='word_1_194' title='bbox 359 2352 473 2383; x_wconf 85' lang='lat' dir='ltr'>LXIII</span> <span class='ocrx_word' id='word_1_195' title='bbox 491 2351 583 2391; x_wconf 80' lang='lat' dir='ltr'>const.</span> <span class='ocrx_word' id='word_1_196' title='bbox 605 2352 654 2383; x_wconf 81' lang='lat' dir='ltr'>CA</span> <span class='ocrx_word' id='word_1_197' title='bbox 742 2363 762 2382; x_wconf 87' lang='lat'><strong>2</strong></span> <span class='ocrx_word' id='word_1_198' title='bbox 787 2352 896 2382; x_wconf 89' lang='lat' dir='ltr'>datiae</span> <span class='ocrx_word' id='word_1_199' title='bbox 913 2352 971 2382; x_wconf 90' lang='lat' dir='ltr'>dat</span> <span class='ocrx_word' id='word_1_200' title='bbox 997 2351 1046 2382; x_wconf 77' lang='lat' dir='ltr'>CA</span> <span class='ocrx_word' id='word_1_201' title='bbox 1146 2361 1165 2389; x_wconf 91' lang='lat'>4</span> <span class='ocrx_word' id='word_1_202' title='bbox 1189 2350 1362 2381; x_wconf 86' lang='lat' dir='ltr'>octauium</span> <span class='ocrx_word' id='word_1_203' title='bbox 1381 2350 1430 2382; x_wconf 74' lang='lat' dir='ltr'>CA</span> 
     </span>
     <span class='ocr_line' id='line_1_33' title="bbox 91 2393 1428 2436; baseline -0.001 -10"><span class='ocrx_word' id='word_1_204' title='bbox 91 2406 110 2436; x_wconf 90' lang='lat'>5</span> <span class='ocrx_word' id='word_1_205' title='bbox 134 2396 310 2427; x_wconf 86' lang='lat' dir='ltr'>colebatur</span> <span class='ocrx_word' id='word_1_206' title='bbox 325 2396 378 2426; x_wconf 63' lang='lat' dir='ltr'>BA</span> <span class='ocrx_word' id='word_1_207' title='bbox 395 2408 402 2427; x_wconf 92' lang='lat'>:</span> <span class='ocrx_word' id='word_1_208' title='bbox 428 2396 592 2428; x_wconf 89' lang='lat' dir='ltr'>colebatis</span> <span class='ocrx_word' id='word_1_209' title='bbox 609 2395 658 2426; x_wconf 78' lang='lat' dir='ltr'>CA</span> <span class='ocrx_word' id='word_1_210' title='bbox 825 2395 919 2426; x_wconf 93' lang='lat' dir='ltr'>LXV</span> <span class='ocrx_word' id='word_1_211' title='bbox 940 2406 1016 2425; x_wconf 86' lang='lat' dir='ltr'>cum</span> <span class='ocrx_word' id='word_1_212' title='bbox 1036 2394 1147 2426; x_wconf 91' lang='lat' dir='ltr'>LXIV</span> <span class='ocrx_word' id='word_1_213' title='bbox 1159 2393 1252 2434; x_wconf 86' lang='lat' dir='ltr'>confl.</span> <span class='ocrx_word' id='word_1_214' title='bbox 1271 2394 1320 2425; x_wconf 74' lang='lat' dir='ltr'>CA</span> <span class='ocrx_word' id='word_1_215' title='bbox 1409 2404 1428 2424; x_wconf 84' lang='lat'>2</span> 
     </span>
     <span class='ocr_line' id='line_1_34' title="bbox 91 2439 1007 2481; baseline 0.001 -11"><span class='ocrx_word' id='word_1_216' title='bbox 91 2439 201 2481; x_wconf 89' lang='lat' dir='ltr'>geris]</span> <span class='ocrx_word' id='word_1_217' title='bbox 218 2450 318 2480; x_wconf 83' lang='lat' dir='ltr'>reges</span> <span class='ocrx_word' id='word_1_218' title='bbox 337 2440 384 2471; x_wconf 75' lang='lat' dir='ltr'>CA</span> <span class='ocrx_word' id='word_1_219' title='bbox 516 2449 536 2479; x_wconf 88' lang='lat'><strong>3</strong></span> <span class='ocrx_word' id='word_1_220' title='bbox 561 2439 704 2471; x_wconf 88' lang='lat' dir='ltr'>fuissent</span> <span class='ocrx_word' id='word_1_221' title='bbox 718 2439 796 2470; x_wconf 73' lang='lat' dir='ltr'>BA:</span> <span class='ocrx_word' id='word_1_222' title='bbox 820 2439 939 2471; x_wconf 85' lang='lat' dir='ltr'>suisset</span> <span class='ocrx_word' id='word_1_223' title='bbox 959 2439 1007 2471; x_wconf 71' lang='lat' dir='ltr'>CA</span> 
     </span>
    </p>
   </div>
  </div>
 </body>
</html>
