1648 2729
738 160 1211 201 EPIGRAMMATON
1243 163 1346 201 LIB.
1380 163 1438 201 XI

601 272 725 309 XVII

99 352 192 390 Non
222 351 353 390 omnis
383 351 507 391 nostri
537 360 731 391 nocturna
761 361 820 392 est
850 353 993 404 pagina
1022 354 1135 394 libri:

151 416 326 456 invenies
357 425 395 456 et
424 419 534 468 quod
565 431 693 467 mane,
726 418 883 467 Sabine,
916 421 1032 470 legas.

582 547 730 584 XVIII

207 627 389 676 Donasti,
419 629 546 678 Lupe,
576 642 640 667 rus
670 629 744 667 sub
775 629 872 668 urbe
902 629 1017 668 nobis
1033 644 1043 678 ‚·

203 694 274 731 sed
303 707 368 732 rus
398 701 457 733 est
487 693 584 732 mihi
615 694 741 733 maius
771 694 811 733 in
842 696 1021 734 fenestra.

203 772 266 797 rus
297 759 374 798 hoc
405 759 550 808 dicere,
580 773 644 798 rus
674 768 787 810 potes
817 762 989 799 vocare?

203 823 242 862 in
273 838 354 874 quo
384 833 470 863 ruta
499 825 592 864 facit
621 840 762 865 nemus
794 826 962 875 Dianae,

200 898 360 940 argutae
389 891 484 941 tegit
512 893 574 930 ala
602 893 712 942 quod
741 891 913 940 cicadae,
1418 912 1436 942 5

201 957 311 1004 quod
340 956 505 995 formica
534 957 599 996 die
628 957 804 996 comedit
834 971 926 1004 uno,

200 1023 332 1060 clusae
362 1022 426 1061 cui
454 1022 593 1061 folium
623 1037 735 1062 rosae
764 1037 912 1062 corona
941 1032 999 1062 est
1015 1038 1024 1071 5

200 1086 239 1124 in
270 1100 350 1137 quo
380 1101 461 1126 non
492 1088 615 1139 magis
645 1089 844 1127 invenitur
872 1089 994 1128 herba

200 1166 319 1203 quam
350 1153 489 1193 Cosmi
517 1154 656 1194 folium
687 1154 847 1205 piperve
877 1156 1072 1203 crudum,-

199 1218 239 1256 in
269 1232 350 1269 quo
379 1232 453 1258 nec
483 1220 660 1259 cucumis
689 1220 816 1259 iacere
845 1228 974 1259 rectus
1396 1238 1436 1260 10

199 1297 273 1323 nec
303 1298 463 1335 serpens
493 1285 671 1325 habitare
701 1294 784 1325 tota
812 1285 948 1336 possit.

199 1363 361 1388 urucam
392 1352 494 1390 male
524 1351 650 1402 pascit
679 1353 816 1390 hortus
846 1365 981 1400 unam,

196 1424 437 1467 consumpto
467 1416 632 1456 moritur
660 1417 764 1456 culix
792 1417 946 1466 salicto,

198 1489 237 1519 et
267 1483 372 1531 talpa
401 1489 459 1520 est
489 1482 586 1520 mihi
616 1484 743 1522 fossor
771 1491 890 1534 atque
919 1491 1057 1522 arator.

197 1561 279 1585 non
310 1547 466 1587 boletus
496 1548 617 1597 hiare,
647 1562 729 1587 non
759 1548 949 1587 mariscae
1393 1566 1430 1597 15

196 1613 322 1651 ridere
351 1621 419 1652 aut
447 1613 575 1652 violae
604 1622 737 1664 patere
767 1623 944 1664 possunt.

197 1678 285 1717 finis
315 1692 402 1717 mus
433 1681 645 1729 populatur
674 1687 713 1718 et
742 1681 889 1719 colono

197 1753 400 1794 tamquam
430 1758 495 1783 sus
526 1745 772 1795 Calydonius
802 1745 976 1794 timetur,

195 1818 234 1848 et
263 1810 418 1848 sublata
445 1810 613 1849 volantis
642 1825 775 1861 ungue
805 1813 978 1861 Prognes

194 1875 234 1913 in
264 1875 362 1914 nido
390 1889 502 1926 seges
531 1884 590 1915 est
617 1876 876 1915 hirundinino
890 1892 900 1925 3
1393 1894 1432 1915 20

195 1949 233 1980 et
262 1955 354 1980 cum
385 1950 460 1981 stet
489 1942 573 1981 sine
602 1943 702 1981 falce
733 1944 1004 1992 mentulaque,

194 2021 275 2046 non
306 2015 365 2046 est
393 2007 561 2047 dimidio
591 2009 702 2047 locus
733 2009 887 2058 Priapo.

193 2074 256 2111 vix
284 2072 423 2124 implet
452 2075 631 2112 cocleam
661 2082 820 2125 peracta
850 2073 1000 2121 messis,

194 2147 232 2177 et
261 2146 437 2177 mustum
467 2153 570 2178 nuce
599 2139 810 2178 condimus
839 2139 980 2190 picata.

194 2204 355 2254 Errasti,
385 2205 669 2256 Lupe,.littera
698 2206 768 2244 sed
798 2219 900 2243 una:
1389 2222 1427 2253 25

129 2309 228 2339 XVII
247 2308 321 2341 hab.
347 2309 381 2340 T.
432 2309 519 2340 Cum
537 2308 619 2340 XVI
638 2309 733 2348 confl.
751 2309 807 2339 BA

129 2352 246 2383 XVIII
272 2363 322 2384 vv.
344 2353 437 2390 1-18,
457 2363 564 2392 21-27
581 2353 654 2384 hab.
681 2354 711 2384 T
806 2363 827 2383 2
851 2352 960 2393 magis
980 2352 1011 2384 T
1092 2363 1111 2391 4
1137 2357 1237 2392 rupta
1262 2351 1319 2382 ΒΑ
1407 2364 1428 2393 9

84 2407 170 2436 quas
191 2397 221 2427 T
288 2397 372 2428 costi
392 2396 442 2428 CA
554 2407 594 2428 10
619 2407 682 2427 nec
698 2408 764 2429 om.
785 2397 833 2428 CA
853 2402 888 2428 ut
906 2396 970 2428 m'd.
1074 2406 1113 2427 12
1139 2407 1276 2427 urucam
1293 2396 1426 2429 AACA:

83 2451 218 2471 erucam
236 2440 292 2470 ΒΑ
411 2451 450 2481 19
474 2451 609 2481 ungues
636 2441 693 2471 ΒΑ
824 2451 866 2480 23
890 2445 1006 2481 parata
1023 2440 1078 2470 ΒΑ
1096 2442 1172 2482 (par
1182 2445 1245 2480 pro
1261 2441 1338 2481 per)
