1648 2729
174 166 230 203 M.
261 166 384 203 VAL.
417 165 734 204 MARTIALIS

172 280 246 316 Ars
275 277 426 316 utinam
456 290 586 316 mores
614 277 873 328 animumque
903 263 1086 329 effingere
1116 282 1274 329 posset!

226 342 426 392 pulchrior
454 343 494 381 in
524 343 633 381 terris
663 345 771 382 nulla
800 344 945 382 tabella
973 345 1084 383 foret.

617 460 807 497 XXXIII

174 535 396 586 Simplicior
425 534 572 585 priscis,
608 535 765 574 Munati
796 536 919 583 Galle,
952 536 1119 584 Sabinis,

227 600 467 651 Cecropium
497 614 656 650 superas
687 600 754 650 qui
784 600 962 640 bonitate
991 615 1139 649 senem,

172 667 228 706 sic
257 666 330 705 tibi
359 666 564 705 consoceri
593 668 718 705 claros
747 666 913 706 retinere
942 675 1105 717 penates

226 739 416 783 perpetua
444 739 559 770 natae
589 732 657 770 det
685 732 770 770 face
799 739 908 770 casta
935 734 1099 771 Venus:

173 806 214 836 ut
244 805 297 845 tu,
329 796 361 835 si
390 796 503 835 viridi
533 796 677 835 tinctos
708 796 893 847 aerugine
921 811 1056 836 versus

226 864 324 901 forte
354 864 480 901 malus
509 861 607 901 livor
635 862 775 900 dixerit
804 876 889 901 esse
919 876 1041 911 meos,

173 937 215 967 ut
243 927 350 975 facis,
382 941 405 966 a
434 927 549 966 nobis
579 926 724 977 abigas,
756 941 831 966 nec
861 927 1030 967 scribere
1060 941 1303 979 quemquam

227 993 318 1032 talia
347 994 567 1032 contendas
597 992 772 1031 carmina
801 993 869 1043 qui
897 993 1047 1044 legitur.

175 1061 298 1097 Hunc
327 1072 479 1097 servare
510 1059 675 1097 modum
706 1058 828 1097 nostri
858 1073 1002 1098 novere
1032 1059 1168 1109 libelli,

226 1137 385 1175 parcere
413 1123 602 1174 personis,
635 1123 768 1162 dicere
798 1125 848 1163 de
877 1124 990 1163 vitiis.

642 1247 824 1284 XXXIV

176 1323 226 1360 Di
256 1322 327 1361 tibi
357 1324 453 1361 dent
483 1322 689 1372 quidquid,
723 1324 869 1362 Caesar
897 1323 1076 1370 Traiane,
1110 1323 1268 1363 mereris

226 1396 265 1427 et
293 1396 376 1426 rata
403 1395 595 1438 perpetuo
625 1401 727 1438 quae
756 1388 926 1427 tribuere
955 1388 1100 1428 velint:

173 1453 240 1503 qui
269 1467 340 1491 sua
368 1453 537 1492 restituis
568 1453 737 1504 spoliato
766 1454 849 1492 iura
878 1462 1046 1505 patrono

225 1518 429 1557 —libertis
460 1520 548 1557 exul
578 1532 660 1557 non
690 1518 761 1557 erit
790 1519 856 1557 ille
885 1519 1032 1567 suis—,

174 1584 316 1635 dignus
347 1598 387 1623 es
417 1592 459 1622 ut
488 1584 615 1635 possis
645 1592 773 1623 totum
803 1598 955 1624 servare
976 1585 1184 1623 clientem:

228 1649 441 1688 ut—liceat
471 1657 624 1688 tantum
654 1663 744 1688 vera
764 1650 1112 1700 probare—potes.

653 1774 810 1810 XXXV

283 1850 434 1888 Omnes
464 1848 678 1898 Sulpiciam
708 1850 839 1899 legant
867 1850 1021 1899 puellae

282 1914 350 1953 uni
380 1927 482 1964 quae
512 1913 678 1963 cupiunt
706 1914 789 1952 viro
818 1915 972 1964 placere
987 1929 997 1962 ;

282 1993 421 2018 omnes
451 1979 664 2029 Sulpiciam
695 1980 826 2029 legant
855 1979 983 2017 mariti

281 2045 350 2083 uni
379 2045 446 2095 qui
476 2045 641 2094 cupiunt
670 2046 824 2095 placere
854 2053 1013 2094 nuptae.

282 2123 363 2148 non
392 2111 491 2148 haec
522 2109 739 2149 Colchidos
768 2109 913 2148 adserit
941 2110 1123 2156 furorem,

220 2213 358 2244 XXXII
384 2222 403 2252 5
429 2217 545 2253 posset
560 2213 614 2243 BA
630 2225 637 2243 :
661 2213 771 2252 possis
788 2212 837 2243 CA
854 2224 861 2243 :
885 2223 1003 2252 posses
1019 2212 1094 2244 Ital.

219 2257 374 2287 XXXIII
401 2267 419 2294 4
444 2262 644 2296 perpetuam
668 2257 723 2286 ΒΑ
825 2258 846 2286 6
868 2256 957 2287 liuor
980 2256 1057 2287 BA:
1080 2256 1187 2287 lector
1212 2255 1261 2287 CA

1474 1143 1512 1164 10

1490 2126 1506 2157 5

1365 2266 1382 2295 7
1407 2256 1510 2288 facias

177 2301 225 2331 CA
315 2301 463 2331 scribere
474 2300 529 2330 ΒΑ
544 2312 552 2331 :
575 2300 747 2331 strinxere
765 2299 861 2342 (EA)
878 2300 929 2331 vel
942 2301 1109 2339 stringere
1123 2300 1188 2341 (X)
1208 2299 1257 2331 CA
1271 2300 1417 2340 (fingere
1431 2300 1478 2340 F)

220 2344 374 2374 XXXIV
401 2354 414 2374 1
442 2344 568 2374 Caesar
593 2355 658 2375 om.
690 2344 739 2374 CA
910 2354 930 2382 3
956 2344 1007 2374 cui
1024 2343 1117 2383 Rooy
1215 2349 1274 2375 tua
1288 2344 1437 2375 resutuis
1459 2343 1508 2375 CA

177 2394 211 2425 *gu
227 2393 285 2426 pro
301 2388 339 2417 tii
429 2387 502 2418 iura
518 2398 584 2418 om.
605 2387 655 2418 CA
800 2396 820 2426 5
843 2391 951 2418 tutum
968 2387 1146 2427 Ital.,fort.
1167 2391 1242 2418 recte

220 2431 355 2461 XXXV
380 2442 398 2471 5
424 2432 486 2462 hac
505 2430 552 2462 CA
