<?xml version="1.0" encoding="UTF-8"?>
<!DOCTYPE html PUBLIC "-//W3C//DTD XHTML 1.0 Transitional//EN"
    "http://www.w3.org/TR/xhtml1/DTD/xhtml1-transitional.dtd">
<html xmlns="http://www.w3.org/1999/xhtml" xml:lang="en" lang="en">
 <head>
  <title>
</title>
<meta http-equiv="Content-Type" content="text/html;charset=utf-8" />
  <meta name='ocr-system' content='tesseract 3.04.00' />
  <meta name='ocr-capabilities' content='ocr_page ocr_carea ocr_par ocr_line ocrx_word'/>
</head>
<body>
  <div class='ocr_page' id='page_1' title='image "./epigrammatasele00martuoft_0213.png"; bbox 0 0 1648 2729; ppageno 0'>
   <div class='ocr_carea' id='block_1_1' title="bbox 740 138 1439 178">
    <p class='ocr_par' dir='ltr' id='par_1_1' title="bbox 740 138 1439 178">
     <span class='ocr_line' id='line_1_1' title="bbox 740 138 1439 178; baseline -0.003 -1"><span class='ocrx_word' id='word_1_1' title='bbox 740 138 1211 178; x_wconf 87' lang='lat' dir='ltr'>EPIGRAMMATON</span> <span class='ocrx_word' id='word_1_2' title='bbox 1243 138 1346 176; x_wconf 92' lang='lat' dir='ltr'>LIB.</span> <span class='ocrx_word' id='word_1_3' title='bbox 1380 138 1439 175; x_wconf 93' lang='lat' dir='ltr'>IX</span> 
     </span>
    </p>
   </div>
   <div class='ocr_carea' id='block_1_2' title="bbox 212 252 963 495">
    <p class='ocr_par' dir='ltr' id='par_1_2' title="bbox 212 252 963 495">
     <span class='ocr_line' id='line_1_2' title="bbox 607 252 710 289; baseline 0 0"><span class='ocrx_word' id='word_1_4' title='bbox 607 252 710 289; x_wconf 91' lang='lat' dir='ltr'>XIX</span> 
     </span>
     <span class='ocr_line' id='line_1_3' title="bbox 213 314 963 356; baseline -0.004 0"><span class='ocrx_word' id='word_1_5' title='bbox 213 318 371 356; x_wconf 84' lang='lat' dir='ltr'>Laudas</span> <span class='ocrx_word' id='word_1_6' title='bbox 402 317 543 355; x_wconf 89' lang='lat' dir='ltr'>balnea</span> <span class='ocrx_word' id='word_1_7' title='bbox 572 316 749 355; x_wconf 88' lang='lat' dir='ltr'>versibus</span> <span class='ocrx_word' id='word_1_8' title='bbox 779 314 963 354; x_wconf 81' lang='lat' dir='ltr'>trecentis</span> 
     </span>
     <span class='ocr_line' id='line_1_4' title="bbox 212 381 917 429; baseline -0.001 -8"><span class='ocrx_word' id='word_1_9' title='bbox 212 382 390 421; x_wconf 84' lang='lat' dir='ltr'>cenantis</span> <span class='ocrx_word' id='word_1_10' title='bbox 419 382 523 421; x_wconf 92' lang='lat' dir='ltr'>bene</span> <span class='ocrx_word' id='word_1_11' title='bbox 553 381 719 429; x_wconf 84' lang='lat' dir='ltr'>Pontici,</span> <span class='ocrx_word' id='word_1_12' title='bbox 751 381 917 420; x_wconf 78' lang='lat' dir='ltr'>Sabelle.</span> 
     </span>
     <span class='ocr_line' id='line_1_5' title="bbox 214 446 921 495; baseline -0.004 -9"><span class='ocrx_word' id='word_1_13' title='bbox 214 447 270 486; x_wconf 92' lang='lat' dir='ltr'>vis</span> <span class='ocrx_word' id='word_1_14' title='bbox 300 461 451 495; x_wconf 83' lang='lat' dir='ltr'>cenare,</span> <span class='ocrx_word' id='word_1_15' title='bbox 484 448 651 495; x_wconf 85' lang='lat' dir='ltr'>Sabelle,</span> <span class='ocrx_word' id='word_1_16' title='bbox 683 460 764 486; x_wconf 90' lang='lat' dir='ltr'>non</span> <span class='ocrx_word' id='word_1_17' title='bbox 793 446 921 484; x_wconf 81' lang='lat' dir='ltr'>lavari.</span> 
     </span>
    </p>
   </div>
   <div class='ocr_carea' id='block_1_3' title="bbox 625 548 703 585">
    <p class='ocr_par' dir='ltr' id='par_1_3' title="bbox 625 548 703 585">
     <span class='ocr_line' id='line_1_6' title="bbox 625 548 703 585; baseline 0 0"><span class='ocrx_word' id='word_1_18' title='bbox 625 548 703 585; x_wconf 92' lang='lat' dir='ltr'>XX</span> 
     </span>
    </p>
   </div>
   <div class='ocr_carea' id='block_1_4' title="bbox 106 617 1449 1259">
    <p class='ocr_par' dir='ltr' id='par_1_4' title="bbox 107 617 1358 730">
     <span class='ocr_line' id='line_1_7' title="bbox 107 617 1358 668; baseline -0.002 -11"><span class='ocrx_word' id='word_1_19' title='bbox 107 620 232 666; x_wconf 89' lang='lat' dir='ltr'>Haec,</span> <span class='ocrx_word' id='word_1_20' title='bbox 265 631 367 668; x_wconf 87' lang='lat' dir='ltr'>quae</span> <span class='ocrx_word' id='word_1_21' title='bbox 396 626 479 657; x_wconf 87' lang='lat' dir='ltr'>tota</span> <span class='ocrx_word' id='word_1_22' title='bbox 506 625 614 668; x_wconf 86' lang='lat' dir='ltr'>patet</span> <span class='ocrx_word' id='word_1_23' title='bbox 643 617 864 668; x_wconf 84' lang='lat' dir='ltr'>tegiturque</span> <span class='ocrx_word' id='word_1_24' title='bbox 894 625 932 655; x_wconf 92' lang='lat' dir='ltr'>et</span> <span class='ocrx_word' id='word_1_25' title='bbox 962 630 1156 655; x_wconf 84' lang='lat' dir='ltr'>marmore</span> <span class='ocrx_word' id='word_1_26' title='bbox 1186 624 1224 655; x_wconf 88' lang='lat' dir='ltr'>et</span> <span class='ocrx_word' id='word_1_27' title='bbox 1252 629 1358 663; x_wconf 86' lang='lat' dir='ltr'>auro,</span> 
     </span>
     <span class='ocr_line' id='line_1_8' title="bbox 159 682 931 730; baseline -0.001 -8"><span class='ocrx_word' id='word_1_28' title='bbox 159 683 318 722; x_wconf 89' lang='lat' dir='ltr'>infantis</span> <span class='ocrx_word' id='word_1_29' title='bbox 348 683 501 723; x_wconf 89' lang='lat' dir='ltr'>domini</span> <span class='ocrx_word' id='word_1_30' title='bbox 530 683 691 722; x_wconf 83' lang='lat' dir='ltr'>conscia</span> <span class='ocrx_word' id='word_1_31' title='bbox 719 691 820 721; x_wconf 89' lang='lat' dir='ltr'>terra</span> <span class='ocrx_word' id='word_1_32' title='bbox 848 682 931 730; x_wconf 85' lang='lat' dir='ltr'>fuit,</span> 
     </span>
    </p>

    <p class='ocr_par' dir='ltr' id='par_1_5' title="bbox 106 748 1031 865">
     <span class='ocr_line' id='line_1_9' title="bbox 106 748 1031 799; baseline -0.001 -12"><span class='ocrx_word' id='word_1_33' title='bbox 106 749 197 788; x_wconf 86' lang='lat' dir='ltr'>felix</span> <span class='ocrx_word' id='word_1_34' title='bbox 225 762 260 797; x_wconf 85' lang='lat' dir='ltr'>o,</span> <span class='ocrx_word' id='word_1_35' title='bbox 293 749 450 799; x_wconf 89' lang='lat' dir='ltr'>quantis</span> <span class='ocrx_word' id='word_1_36' title='bbox 480 748 613 788; x_wconf 88' lang='lat' dir='ltr'>sonuit</span> <span class='ocrx_word' id='word_1_37' title='bbox 641 748 836 799; x_wconf 84' lang='lat' dir='ltr'>vagitibus</span> <span class='ocrx_word' id='word_1_38' title='bbox 866 756 904 787; x_wconf 89' lang='lat' dir='ltr'>et</span> <span class='ocrx_word' id='word_1_39' title='bbox 934 761 1031 798; x_wconf 87' lang='lat' dir='ltr'>quas</span> 
     </span>
     <span class='ocr_line' id='line_1_10' title="bbox 160 814 963 865; baseline -0.001 -12"><span class='ocrx_word' id='word_1_40' title='bbox 160 814 257 853; x_wconf 88' lang='lat' dir='ltr'>vidit</span> <span class='ocrx_word' id='word_1_41' title='bbox 286 814 475 865; x_wconf 87' lang='lat' dir='ltr'>reptantis</span> <span class='ocrx_word' id='word_1_42' title='bbox 505 814 769 864; x_wconf 83' lang='lat' dir='ltr'>sustinuitque</span> <span class='ocrx_word' id='word_1_43' title='bbox 799 827 963 852; x_wconf 88' lang='lat' dir='ltr'>manus:</span> 
     </span>
    </p>

    <p class='ocr_par' dir='ltr' id='par_1_6' title="bbox 107 878 1445 996">
     <span class='ocr_line' id='line_1_11' title="bbox 107 878 1445 930; baseline -0.003 -11"><span class='ocrx_word' id='word_1_44' title='bbox 107 880 170 919; x_wconf 90' lang='lat' dir='ltr'>hic</span> <span class='ocrx_word' id='word_1_45' title='bbox 200 888 360 919; x_wconf 89' lang='lat' dir='ltr'>steterat</span> <span class='ocrx_word' id='word_1_46' title='bbox 388 882 614 919; x_wconf 90' lang='lat' dir='ltr'>veneranda</span> <span class='ocrx_word' id='word_1_47' title='bbox 642 881 786 918; x_wconf 88' lang='lat' dir='ltr'>domus</span> <span class='ocrx_word' id='word_1_48' title='bbox 816 893 918 930; x_wconf 87' lang='lat' dir='ltr'>quae</span> <span class='ocrx_word' id='word_1_49' title='bbox 946 878 1138 929; x_wconf 83' lang='lat' dir='ltr'>praestitit</span> <span class='ocrx_word' id='word_1_50' title='bbox 1168 878 1253 917; x_wconf 85' lang='lat' dir='ltr'>orbi</span> <span class='ocrx_word' id='word_1_51' title='bbox 1428 895 1445 924; x_wconf 84' lang='lat'>5</span> 
     </span>
     <span class='ocr_line' id='line_1_12' title="bbox 161 945 1203 996; baseline -0.002 -12"><span class='ocrx_word' id='word_1_52' title='bbox 161 947 271 996; x_wconf 87' lang='lat' dir='ltr'>quod</span> <span class='ocrx_word' id='word_1_53' title='bbox 301 947 470 984; x_wconf 85' lang='lat' dir='ltr'>Rhodos</span> <span class='ocrx_word' id='word_1_54' title='bbox 499 945 687 993; x_wconf 85' lang='lat' dir='ltr'>astrifero,</span> <span class='ocrx_word' id='word_1_55' title='bbox 719 947 828 996; x_wconf 88' lang='lat' dir='ltr'>quod</span> <span class='ocrx_word' id='word_1_56' title='bbox 858 945 922 995; x_wconf 80' lang='lat' dir='ltr'>pia</span> <span class='ocrx_word' id='word_1_57' title='bbox 951 946 1070 984; x_wconf 87' lang='lat' dir='ltr'>Creta</span> <span class='ocrx_word' id='word_1_58' title='bbox 1098 945 1203 994; x_wconf 89' lang='lat' dir='ltr'>polo.</span> 
     </span>
    </p>

    <p class='ocr_par' dir='ltr' id='par_1_7' title="bbox 109 1009 1084 1127">
     <span class='ocr_line' id='line_1_13' title="bbox 109 1009 1084 1061; baseline -0.003 -11"><span class='ocrx_word' id='word_1_59' title='bbox 109 1013 274 1051; x_wconf 90' lang='lat' dir='ltr'>Curetes</span> <span class='ocrx_word' id='word_1_60' title='bbox 305 1019 434 1050; x_wconf 82' lang='lat' dir='ltr'>texere</span> <span class='ocrx_word' id='word_1_61' title='bbox 467 1013 605 1050; x_wconf 88' lang='lat' dir='ltr'>Iovem</span> <span class='ocrx_word' id='word_1_62' title='bbox 637 1010 921 1061; x_wconf 79' lang='lat' dir='ltr'>crepitantibus</span> <span class='ocrx_word' id='word_1_63' title='bbox 955 1009 1084 1057; x_wconf 86' lang='lat' dir='ltr'>armis,</span> 
     </span>
     <span class='ocr_line' id='line_1_14' title="bbox 161 1076 1058 1127; baseline -0.002 -12"><span class='ocrx_word' id='word_1_64' title='bbox 161 1076 332 1115; x_wconf 91' lang='lat' dir='ltr'>semiviri</span> <span class='ocrx_word' id='word_1_65' title='bbox 360 1084 543 1126; x_wconf 80' lang='lat' dir='ltr'>poterant</span> <span class='ocrx_word' id='word_1_66' title='bbox 572 1076 704 1127; x_wconf 86' lang='lat' dir='ltr'>qualia</span> <span class='ocrx_word' id='word_1_67' title='bbox 732 1078 830 1115; x_wconf 88' lang='lat' dir='ltr'>ferre</span> <span class='ocrx_word' id='word_1_68' title='bbox 860 1078 1058 1126; x_wconf 82' lang='lat' dir='ltr'>Phryges:</span> 
     </span>
    </p>

    <p class='ocr_par' dir='ltr' id='par_1_8' title="bbox 108 1141 1449 1259">
     <span class='ocr_line' id='line_1_15' title="bbox 108 1141 1139 1193; baseline -0.003 -12"><span class='ocrx_word' id='word_1_69' title='bbox 108 1151 147 1181; x_wconf 86' lang='lat' dir='ltr'>at</span> <span class='ocrx_word' id='word_1_70' title='bbox 176 1153 215 1181; x_wconf 91' lang='lat' dir='ltr'>te</span> <span class='ocrx_word' id='word_1_71' title='bbox 244 1142 413 1193; x_wconf 85' lang='lat' dir='ltr'>protexit</span> <span class='ocrx_word' id='word_1_72' title='bbox 442 1155 628 1193; x_wconf 87' lang='lat' dir='ltr'>superum</span> <span class='ocrx_word' id='word_1_73' title='bbox 660 1150 770 1193; x_wconf 87' lang='lat' dir='ltr'>pater</span> <span class='ocrx_word' id='word_1_74' title='bbox 799 1150 838 1181; x_wconf 87' lang='lat' dir='ltr'>et</span> <span class='ocrx_word' id='word_1_75' title='bbox 866 1141 948 1189; x_wconf 89' lang='lat' dir='ltr'>tibi,</span> <span class='ocrx_word' id='word_1_76' title='bbox 982 1142 1139 1188; x_wconf 80' lang='lat' dir='ltr'>Caesar,</span> 
     </span>
     <span class='ocr_line' id='line_1_16' title="bbox 163 1206 1449 1259; baseline -0.003 -13"><span class='ocrx_word' id='word_1_77' title='bbox 163 1221 233 1259; x_wconf 92' lang='lat' dir='ltr'>pro</span> <span class='ocrx_word' id='word_1_78' title='bbox 263 1208 393 1246; x_wconf 91' lang='lat' dir='ltr'>iaculo</span> <span class='ocrx_word' id='word_1_79' title='bbox 423 1216 461 1246; x_wconf 89' lang='lat' dir='ltr'>et</span> <span class='ocrx_word' id='word_1_80' title='bbox 490 1221 627 1258; x_wconf 83' lang='lat' dir='ltr'>parma</span> <span class='ocrx_word' id='word_1_81' title='bbox 656 1209 806 1246; x_wconf 89' lang='lat' dir='ltr'>fulmen</span> <span class='ocrx_word' id='word_1_82' title='bbox 837 1215 875 1246; x_wconf 92' lang='lat' dir='ltr'>et</span> <span class='ocrx_word' id='word_1_83' title='bbox 904 1206 1009 1258; x_wconf 80' lang='lat' dir='ltr'>aegis</span> <span class='ocrx_word' id='word_1_84' title='bbox 1039 1214 1130 1245; x_wconf 89' lang='lat' dir='ltr'>erat.</span> <span class='ocrx_word' id='word_1_85' title='bbox 1411 1222 1449 1242; x_wconf 93' lang='lat'>10</span> 
     </span>
    </p>
   </div>
   <div class='ocr_carea' id='block_1_5' title="bbox 109 1309 1452 2012">
    <p class='ocr_par' dir='ltr' id='par_1_9' title="bbox 109 1309 1452 2012">
     <span class='ocr_line' id='line_1_17' title="bbox 612 1309 736 1346; baseline 0.008 -1"><span class='ocrx_word' id='word_1_86' title='bbox 612 1309 736 1346; x_wconf 91' lang='lat' dir='ltr'>XXII</span> 
     </span>
     <span class='ocr_line' id='line_1_18' title="bbox 109 1373 1234 1423; baseline -0.003 -11"><span class='ocrx_word' id='word_1_87' title='bbox 109 1373 250 1413; x_wconf 89' lang='lat' dir='ltr'>Credis</span> <span class='ocrx_word' id='word_1_88' title='bbox 279 1374 332 1412; x_wconf 91' lang='lat' dir='ltr'>ob</span> <span class='ocrx_word' id='word_1_89' title='bbox 361 1374 460 1412; x_wconf 86' lang='lat' dir='ltr'>haec</span> <span class='ocrx_word' id='word_1_90' title='bbox 490 1387 564 1420; x_wconf 89' lang='lat' dir='ltr'>me,</span> <span class='ocrx_word' id='word_1_91' title='bbox 598 1375 749 1421; x_wconf 82' lang='lat' dir='ltr'>Pastor,</span> <span class='ocrx_word' id='word_1_92' title='bbox 779 1386 875 1423; x_wconf 88' lang='lat' dir='ltr'>opes</span> <span class='ocrx_word' id='word_1_93' title='bbox 905 1373 1069 1411; x_wconf 84' lang='lat' dir='ltr'>fortasse</span> <span class='ocrx_word' id='word_1_94' title='bbox 1099 1384 1234 1421; x_wconf 83' lang='lat' dir='ltr'>rogare</span> 
     </span>
     <span class='ocr_line' id='line_1_19' title="bbox 163 1438 1188 1490; baseline -0.003 -12"><span class='ocrx_word' id='word_1_95' title='bbox 163 1447 323 1489; x_wconf 89' lang='lat' dir='ltr'>propter</span> <span class='ocrx_word' id='word_1_96' title='bbox 352 1453 454 1490; x_wconf 82' lang='lat' dir='ltr'>quae</span> <span class='ocrx_word' id='word_1_97' title='bbox 483 1441 654 1490; x_wconf 89' lang='lat' dir='ltr'>populus</span> <span class='ocrx_word' id='word_1_98' title='bbox 685 1452 895 1488; x_wconf 80' lang='lat' dir='ltr'>crassaque</span> <span class='ocrx_word' id='word_1_99' title='bbox 925 1438 1039 1476; x_wconf 86' lang='lat' dir='ltr'>turba</span> <span class='ocrx_word' id='word_1_100' title='bbox 1068 1445 1188 1488; x_wconf 85' lang='lat' dir='ltr'>rogat,</span> 
     </span>
     <span class='ocr_line' id='line_1_20' title="bbox 110 1503 1020 1555; baseline -0.001 -12"><span class='ocrx_word' id='word_1_101' title='bbox 110 1513 152 1543; x_wconf 91' lang='lat' dir='ltr'>ut</span> <span class='ocrx_word' id='word_1_102' title='bbox 183 1505 318 1544; x_wconf 80' lang='lat' dir='ltr'>Setina</span> <span class='ocrx_word' id='word_1_103' title='bbox 346 1518 456 1544; x_wconf 91' lang='lat' dir='ltr'>meos</span> <span class='ocrx_word' id='word_1_104' title='bbox 487 1512 697 1543; x_wconf 87' lang='lat' dir='ltr'>consumat</span> <span class='ocrx_word' id='word_1_105' title='bbox 724 1505 840 1555; x_wconf 84' lang='lat' dir='ltr'>gleba</span> <span class='ocrx_word' id='word_1_106' title='bbox 869 1503 1020 1554; x_wconf 79' lang='lat' dir='ltr'>ligones</span> 
     </span>
     <span class='ocr_line' id='line_1_21' title="bbox 165 1570 1139 1621; baseline -0.003 -12"><span class='ocrx_word' id='word_1_107' title='bbox 165 1579 204 1609; x_wconf 90' lang='lat' dir='ltr'>et</span> <span class='ocrx_word' id='word_1_108' title='bbox 232 1578 346 1609; x_wconf 92' lang='lat' dir='ltr'>sonet</span> <span class='ocrx_word' id='word_1_109' title='bbox 375 1570 583 1609; x_wconf 86' lang='lat' dir='ltr'>innumera</span> <span class='ocrx_word' id='word_1_110' title='bbox 611 1571 808 1621; x_wconf 89' lang='lat' dir='ltr'>compede</span> <span class='ocrx_word' id='word_1_111' title='bbox 836 1572 992 1607; x_wconf 89' lang='lat' dir='ltr'>Tuscus</span> <span class='ocrx_word' id='word_1_112' title='bbox 1021 1583 1139 1619; x_wconf 79' lang='lat' dir='ltr'>ager3</span> 
     </span>
     <span class='ocr_line' id='line_1_22' title="bbox 111 1634 1448 1686; baseline -0.002 -11"><span class='ocrx_word' id='word_1_113' title='bbox 111 1645 152 1675; x_wconf 89' lang='lat' dir='ltr'>ut</span> <span class='ocrx_word' id='word_1_114' title='bbox 184 1636 315 1675; x_wconf 88' lang='lat' dir='ltr'>Mauri</span> <span class='ocrx_word' id='word_1_115' title='bbox 345 1635 504 1686; x_wconf 90' lang='lat' dir='ltr'>Libycis</span> <span class='ocrx_word' id='word_1_116' title='bbox 533 1644 695 1675; x_wconf 87' lang='lat' dir='ltr'>centum</span> <span class='ocrx_word' id='word_1_117' title='bbox 725 1643 829 1674; x_wconf 89' lang='lat' dir='ltr'>stent</span> <span class='ocrx_word' id='word_1_118' title='bbox 859 1634 1046 1674; x_wconf 88' lang='lat' dir='ltr'>dentibus</span> <span class='ocrx_word' id='word_1_119' title='bbox 1076 1635 1192 1673; x_wconf 88' lang='lat' dir='ltr'>orbes</span> <span class='ocrx_word' id='word_1_120' title='bbox 1433 1651 1448 1682; x_wconf 83' lang='lat'>5</span> 
     </span>
     <span class='ocr_line' id='line_1_23' title="bbox 165 1699 1050 1751; baseline -0.003 -11"><span class='ocrx_word' id='word_1_121' title='bbox 165 1709 204 1740; x_wconf 90' lang='lat' dir='ltr'>et</span> <span class='ocrx_word' id='word_1_122' title='bbox 232 1709 365 1751; x_wconf 87' lang='lat' dir='ltr'>crepet</span> <span class='ocrx_word' id='word_1_123' title='bbox 394 1701 434 1739; x_wconf 91' lang='lat' dir='ltr'>in</span> <span class='ocrx_word' id='word_1_124' title='bbox 464 1701 607 1740; x_wconf 89' lang='lat' dir='ltr'>nostris</span> <span class='ocrx_word' id='word_1_125' title='bbox 636 1714 755 1739; x_wconf 86' lang='lat' dir='ltr'>aurea</span> <span class='ocrx_word' id='word_1_126' title='bbox 782 1702 916 1739; x_wconf 83' lang='lat' dir='ltr'>lamna</span> <span class='ocrx_word' id='word_1_127' title='bbox 944 1699 1050 1747; x_wconf 81' lang='lat' dir='ltr'>toris,</span> 
     </span>
     <span class='ocr_line' id='line_1_24' title="bbox 111 1766 1149 1817; baseline -0.002 -12"><span class='ocrx_word' id='word_1_128' title='bbox 111 1780 185 1806; x_wconf 90' lang='lat' dir='ltr'>nec</span> <span class='ocrx_word' id='word_1_129' title='bbox 214 1766 332 1805; x_wconf 88' lang='lat' dir='ltr'>labris</span> <span class='ocrx_word' id='word_1_130' title='bbox 362 1766 437 1805; x_wconf 87' lang='lat' dir='ltr'>nisi</span> <span class='ocrx_word' id='word_1_131' title='bbox 466 1780 610 1817; x_wconf 83' lang='lat' dir='ltr'>magna</span> <span class='ocrx_word' id='word_1_132' title='bbox 638 1766 736 1806; x_wconf 91' lang='lat' dir='ltr'>meis</span> <span class='ocrx_word' id='word_1_133' title='bbox 766 1767 946 1816; x_wconf 87' lang='lat' dir='ltr'>crystalla</span> <span class='ocrx_word' id='word_1_134' title='bbox 974 1773 1149 1804; x_wconf 89' lang='lat' dir='ltr'>terantur</span> 
     </span>
     <span class='ocr_line' id='line_1_25' title="bbox 165 1832 1058 1883; baseline -0.001 -12"><span class='ocrx_word' id='word_1_135' title='bbox 165 1841 204 1871; x_wconf 87' lang='lat' dir='ltr'>et</span> <span class='ocrx_word' id='word_1_136' title='bbox 233 1832 378 1871; x_wconf 89' lang='lat' dir='ltr'>faciant</span> <span class='ocrx_word' id='word_1_137' title='bbox 407 1832 536 1883; x_wconf 84' lang='lat' dir='ltr'>nigras</span> <span class='ocrx_word' id='word_1_138' title='bbox 566 1840 700 1871; x_wconf 85' lang='lat' dir='ltr'>nostra</span> <span class='ocrx_word' id='word_1_139' title='bbox 730 1834 895 1870; x_wconf 87' lang='lat' dir='ltr'>Falerna</span> <span class='ocrx_word' id='word_1_140' title='bbox 923 1832 1034 1870; x_wconf 88' lang='lat' dir='ltr'>nives</span> <span class='ocrx_word' id='word_1_141' title='bbox 1048 1847 1058 1880; x_wconf 76' lang='lat'><em>3</em></span> 
     </span>
     <span class='ocr_line' id='line_1_26' title="bbox 112 1898 1055 1937; baseline -0.002 0"><span class='ocrx_word' id='word_1_142' title='bbox 112 1906 154 1937; x_wconf 89' lang='lat' dir='ltr'>ut</span> <span class='ocrx_word' id='word_1_143' title='bbox 183 1898 437 1937; x_wconf 86' lang='lat' dir='ltr'>canusinatus</span> <span class='ocrx_word' id='word_1_144' title='bbox 467 1906 603 1936; x_wconf 89' lang='lat' dir='ltr'>nostro</span> <span class='ocrx_word' id='word_1_145' title='bbox 632 1899 752 1936; x_wconf 91' lang='lat' dir='ltr'>Surus</span> <span class='ocrx_word' id='word_1_146' title='bbox 781 1911 911 1936; x_wconf 90' lang='lat' dir='ltr'>assere</span> <span class='ocrx_word' id='word_1_147' title='bbox 939 1899 1055 1936; x_wconf 90' lang='lat' dir='ltr'>sudet</span> 
     </span>
     <span class='ocr_line' id='line_1_27' title="bbox 167 1963 1452 2012; baseline -0.002 -10"><span class='ocrx_word' id='word_1_148' title='bbox 167 1972 205 2002; x_wconf 91' lang='lat' dir='ltr'>et</span> <span class='ocrx_word' id='word_1_149' title='bbox 234 1977 323 2002; x_wconf 86' lang='lat' dir='ltr'>mea</span> <span class='ocrx_word' id='word_1_150' title='bbox 352 1963 400 2002; x_wconf 90' lang='lat' dir='ltr'>sit</span> <span class='ocrx_word' id='word_1_151' title='bbox 429 1965 536 2002; x_wconf 89' lang='lat' dir='ltr'>culto</span> <span class='ocrx_word' id='word_1_152' title='bbox 566 1965 661 2002; x_wconf 87' lang='lat' dir='ltr'>sella</span> <span class='ocrx_word' id='word_1_153' title='bbox 689 1963 832 2002; x_wconf 90' lang='lat' dir='ltr'>cliente</span> <span class='ocrx_word' id='word_1_154' title='bbox 861 1964 1072 2012; x_wconf 75' lang='lat' dir='ltr'>frequens3</span> <span class='ocrx_word' id='word_1_155' title='bbox 1415 1979 1452 1999; x_wconf 92' lang='lat'>10</span> 
     </span>
    </p>
   </div>
   <div class='ocr_carea' id='block_1_6' title="bbox 114 2067 1454 2458">
    <p class='ocr_par' dir='ltr' id='par_1_10' title="bbox 158 2067 1451 2108">
     <span class='ocr_line' id='line_1_28' title="bbox 158 2067 1451 2108; baseline -0.002 -9"><span class='ocrx_word' id='word_1_156' title='bbox 158 2068 246 2099; x_wconf 92' lang='lat' dir='ltr'>XIX</span> <span class='ocrx_word' id='word_1_157' title='bbox 268 2079 287 2099; x_wconf 87' lang='lat'><strong>2</strong></span> <span class='ocrx_word' id='word_1_158' title='bbox 310 2072 434 2099; x_wconf 88' lang='lat' dir='ltr'>cenant</span> <span class='ocrx_word' id='word_1_159' title='bbox 451 2068 479 2099; x_wconf 90' lang='lat' dir='ltr'>si</span> <span class='ocrx_word' id='word_1_160' title='bbox 499 2067 550 2099; x_wconf 78' lang='lat' dir='ltr'>CA</span> <span class='ocrx_word' id='word_1_161' title='bbox 639 2078 659 2108; x_wconf 86' lang='lat'><strong>3</strong></span> <span class='ocrx_word' id='word_1_162' title='bbox 684 2072 717 2099; x_wconf 84' lang='lat' dir='ltr'>et</span> <span class='ocrx_word' id='word_1_163' title='bbox 736 2079 803 2099; x_wconf 92' lang='lat' dir='ltr'>non</span> <span class='ocrx_word' id='word_1_164' title='bbox 822 2068 878 2098; x_wconf 74' lang='lat' dir='ltr'>BA</span> <span class='ocrx_word' id='word_1_165' title='bbox 952 2068 1056 2099; x_wconf 85' lang='lat' dir='ltr'>labari</span> <span class='ocrx_word' id='word_1_166' title='bbox 1076 2067 1125 2098; x_wconf 84' lang='lat' dir='ltr'>CA</span> <span class='ocrx_word' id='word_1_167' title='bbox 1143 2071 1180 2098; x_wconf 86' lang='lat' dir='ltr'>ut</span> <span class='ocrx_word' id='word_1_168' title='bbox 1193 2067 1257 2099; x_wconf 78' lang='lat' dir='ltr'>vid.</span> <span class='ocrx_word' id='word_1_169' title='bbox 1279 2067 1311 2107; x_wconf 81' lang='lat' dir='ltr'>(i.</span> <span class='ocrx_word' id='word_1_170' title='bbox 1325 2078 1347 2098; x_wconf 84' lang='lat' dir='ltr'>e.</span> <span class='ocrx_word' id='word_1_171' title='bbox 1366 2068 1451 2103; x_wconf 56' lang='lat' dir='ltr'>lav-3</span> 
     </span>
    </p>

    <p class='ocr_par' dir='ltr' id='par_1_11' title="bbox 114 2111 1454 2329">
     <span class='ocr_line' id='line_1_29' title="bbox 158 2111 1451 2152; baseline -0.001 -10"><span class='ocrx_word' id='word_1_172' title='bbox 158 2112 227 2142; x_wconf 91' lang='lat' dir='ltr'>XX</span> <span class='ocrx_word' id='word_1_173' title='bbox 250 2123 300 2144; x_wconf 81' lang='lat' dir='ltr'>vv.</span> <span class='ocrx_word' id='word_1_174' title='bbox 319 2114 381 2143; x_wconf 83' lang='lat'>1—6</span> <span class='ocrx_word' id='word_1_175' title='bbox 396 2112 472 2144; x_wconf 75' lang='lat' dir='ltr'>hab.</span> <span class='ocrx_word' id='word_1_176' title='bbox 489 2113 519 2143; x_wconf 93' lang='lat' dir='ltr'><em>T</em></span> <span class='ocrx_word' id='word_1_177' title='bbox 620 2122 633 2142; x_wconf 83' lang='lat' dir='ltr'>r</span> <span class='ocrx_word' id='word_1_178' title='bbox 661 2113 737 2143; x_wconf 86' lang='lat' dir='ltr'>Hae</span> <span class='ocrx_word' id='word_1_179' title='bbox 753 2112 804 2143; x_wconf 68' lang='lat' dir='ltr'>CA</span> <span class='ocrx_word' id='word_1_180' title='bbox 871 2117 921 2143; x_wconf 86' lang='lat' dir='ltr'>tot</span> <span class='ocrx_word' id='word_1_181' title='bbox 933 2112 988 2142; x_wconf 79' lang='grc' dir='ltr'>ΒΑ</span> <span class='ocrx_word' id='word_1_182' title='bbox 1056 2116 1150 2152; x_wconf 83' lang='lat' dir='ltr'>patet</span> <span class='ocrx_word' id='word_1_183' title='bbox 1161 2111 1295 2142; x_wconf 64' lang='lat' dir='ltr'>AACA:</span> <span class='ocrx_word' id='word_1_184' title='bbox 1320 2112 1387 2142; x_wconf 81' lang='lat' dir='ltr'>late</span> <span class='ocrx_word' id='word_1_185' title='bbox 1397 2111 1451 2141; x_wconf 79' lang='grc' dir='ltr'>ΒΑ</span> 
     </span>
     <span class='ocr_line' id='line_1_30' title="bbox 117 2155 1452 2197; baseline -0.001 -11"><span class='ocrx_word' id='word_1_186' title='bbox 117 2156 288 2195; x_wconf 78' lang='lat' dir='ltr'>(prolatet</span> <span class='ocrx_word' id='word_1_187' title='bbox 298 2157 324 2197; x_wconf 69' lang='lat'>2)</span> <span class='ocrx_word' id='word_1_188' title='bbox 387 2167 407 2195; x_wconf 84' lang='grc'>3</span> <span class='ocrx_word' id='word_1_189' title='bbox 432 2157 452 2188; x_wconf 88' lang='lat' dir='ltr'>f.</span> <span class='ocrx_word' id='word_1_190' title='bbox 469 2167 498 2187; x_wconf 94' lang='lat' dir='ltr'>o.</span> <span class='ocrx_word' id='word_1_191' title='bbox 515 2167 545 2196; x_wconf 91' lang='lat' dir='ltr'>q.</span> <span class='ocrx_word' id='word_1_192' title='bbox 561 2155 622 2185; x_wconf 74' lang='grc' dir='ltr'>ΑΑ</span> <span class='ocrx_word' id='word_1_193' title='bbox 639 2168 645 2187; x_wconf 94' lang='lat'><strong>:</strong></span> <span class='ocrx_word' id='word_1_194' title='bbox 670 2167 700 2187; x_wconf 93' lang='grc' dir='ltr'>ο.</span> <span class='ocrx_word' id='word_1_195' title='bbox 715 2156 735 2187; x_wconf 87' lang='lat' dir='ltr'>f.</span> <span class='ocrx_word' id='word_1_196' title='bbox 750 2167 779 2196; x_wconf 92' lang='lat' dir='ltr'>q.</span> <span class='ocrx_word' id='word_1_197' title='bbox 793 2155 872 2187; x_wconf 71' lang='lat' dir='ltr'>BA:</span> <span class='ocrx_word' id='word_1_198' title='bbox 896 2156 916 2187; x_wconf 89' lang='lat' dir='ltr'>s.</span> <span class='ocrx_word' id='word_1_199' title='bbox 933 2167 963 2196; x_wconf 91' lang='lat' dir='ltr'>q.</span> <span class='ocrx_word' id='word_1_200' title='bbox 979 2155 1061 2195; x_wconf 82' lang='lat' dir='ltr'>(om.</span> <span class='ocrx_word' id='word_1_201' title='bbox 1076 2157 1111 2197; x_wconf 87' lang='grc' dir='ltr'>ο)</span> <span class='ocrx_word' id='word_1_202' title='bbox 1129 2155 1178 2186; x_wconf 69' lang='grc' dir='ltr'>ΕΑ</span> <span class='ocrx_word' id='word_1_203' title='bbox 1194 2155 1228 2196; x_wconf 73' lang='lat' dir='ltr'>(f.</span> <span class='ocrx_word' id='word_1_204' title='bbox 1244 2166 1331 2195; x_wconf 85' lang='lat' dir='ltr'>quae</span> <span class='ocrx_word' id='word_1_205' title='bbox 1348 2155 1452 2186; x_wconf 82' lang='lat' dir='ltr'>tantis</span> 
     </span>
     <span class='ocr_line' id='line_1_31' title="bbox 114 2198 1454 2240; baseline -0.001 -10"><span class='ocrx_word' id='word_1_206' title='bbox 114 2198 160 2237; x_wconf 87' lang='lat' dir='ltr'>X,</span> <span class='ocrx_word' id='word_1_207' title='bbox 173 2200 255 2240; x_wconf 88' lang='lat' dir='ltr'>etc.)</span> <span class='ocrx_word' id='word_1_208' title='bbox 365 2211 383 2239; x_wconf 90' lang='lat'>4</span> <span class='ocrx_word' id='word_1_209' title='bbox 409 2201 592 2240; x_wconf 85' lang='lat' dir='ltr'>treptantis</span> <span class='ocrx_word' id='word_1_210' title='bbox 610 2200 660 2231; x_wconf 80' lang='lat' dir='ltr'>CA</span> <span class='ocrx_word' id='word_1_211' title='bbox 767 2210 786 2239; x_wconf 88' lang='lat'>5</span> <span class='ocrx_word' id='word_1_212' title='bbox 811 2201 964 2231; x_wconf 83' lang='lat' dir='ltr'>ueranda</span> <span class='ocrx_word' id='word_1_213' title='bbox 982 2199 1032 2231; x_wconf 76' lang='lat' dir='ltr'>CA</span> <span class='ocrx_word' id='word_1_214' title='bbox 1100 2200 1104 2206; x_wconf 86' lang='grc'><strong>“</strong></span> <span class='ocrx_word' id='word_1_215' title='bbox 1120 2199 1193 2229; x_wconf 78' lang='lat' dir='ltr'>urbi</span> <span class='ocrx_word' id='word_1_216' title='bbox 1217 2198 1326 2229; x_wconf 76' lang='lat' dir='ltr'>BACA</span> <span class='ocrx_word' id='word_1_217' title='bbox 1433 2200 1454 2229; x_wconf 89' lang='lat'><strong>6</strong></span> 
     </span>
     <span class='ocr_line' id='line_1_32' title="bbox 115 2239 1451 2285; baseline -0.001 -12"><span class='ocrx_word' id='word_1_218' title='bbox 115 2244 172 2283; x_wconf 86' lang='lat' dir='ltr'>pia</span> <span class='ocrx_word' id='word_1_219' title='bbox 195 2249 286 2275; x_wconf 89' lang='lat' dir='ltr'>creta</span> <span class='ocrx_word' id='word_1_220' title='bbox 308 2243 405 2285; x_wconf 90' lang='lat' dir='ltr'>polo]</span> <span class='ocrx_word' id='word_1_221' title='bbox 431 2239 582 2284; x_wconf 77' lang='lat' dir='ltr'>placeret</span> <span class='ocrx_word' id='word_1_222' title='bbox 605 2244 706 2284; x_wconf 84' lang='lat' dir='ltr'>apolo</span> <span class='ocrx_word' id='word_1_223' title='bbox 721 2243 777 2274; x_wconf 81' lang='grc' dir='ltr'>ΒΑ</span> <span class='ocrx_word' id='word_1_224' title='bbox 797 2245 839 2284; x_wconf 80' lang='lat' dir='ltr'>&lt;L</span> <span class='ocrx_word' id='word_1_225' title='bbox 850 2249 913 2284; x_wconf 81' lang='lat' dir='ltr'>pro</span> <span class='ocrx_word' id='word_1_226' title='bbox 929 2244 959 2282; x_wconf 85' lang='grc' dir='ltr'>Ι)</span> <span class='ocrx_word' id='word_1_227' title='bbox 1095 2254 1112 2283; x_wconf 90' lang='lat'><em>7</em></span> <span class='ocrx_word' id='word_1_228' title='bbox 1138 2243 1334 2274; x_wconf 85' lang='lat' dir='ltr'>Cureexere</span> <span class='ocrx_word' id='word_1_229' title='bbox 1354 2242 1451 2284; x_wconf 82' lang='lat' dir='ltr'><em>(EA)</em></span> 
     </span>
     <span class='ocr_line' id='line_1_33' title="bbox 115 2287 560 2329; baseline 0.002 -12"><span class='ocrx_word' id='word_1_230' title='bbox 115 2288 166 2317; x_wconf 82' lang='lat' dir='ltr'>vel</span> <span class='ocrx_word' id='word_1_231' title='bbox 178 2287 274 2318; x_wconf 86' lang='lat' dir='ltr'>Curti</span> <span class='ocrx_word' id='word_1_232' title='bbox 291 2292 409 2318; x_wconf 84' lang='lat' dir='ltr'>texere</span> <span class='ocrx_word' id='word_1_233' title='bbox 426 2287 491 2329; x_wconf 82' lang='lat' dir='ltr'>(X)</span> <span class='ocrx_word' id='word_1_234' title='bbox 510 2288 560 2318; x_wconf 83' lang='lat' dir='ltr'>CA</span> 
     </span>
    </p>

    <p class='ocr_par' dir='ltr' id='par_1_12' title="bbox 115 2330 1452 2458">
     <span class='ocr_line' id='line_1_34' title="bbox 159 2330 1452 2372; baseline -0.001 -11"><span class='ocrx_word' id='word_1_235' title='bbox 159 2331 261 2361; x_wconf 87' lang='lat' dir='ltr'>XXII</span> <span class='ocrx_word' id='word_1_236' title='bbox 290 2341 304 2361; x_wconf 94' lang='lat'>1</span> <span class='ocrx_word' id='word_1_237' title='bbox 332 2342 454 2372; x_wconf 82' lang='lat' dir='ltr'>rogare</span> <span class='ocrx_word' id='word_1_238' title='bbox 471 2342 536 2362; x_wconf 84' lang='lat' dir='ltr'>om.</span> <span class='ocrx_word' id='word_1_239' title='bbox 555 2331 611 2362; x_wconf 76' lang='grc' dir='ltr'>ΒΑ</span> <span class='ocrx_word' id='word_1_240' title='bbox 713 2342 732 2362; x_wconf 87' lang='lat'><strong>2</strong></span> <span class='ocrx_word' id='word_1_241' title='bbox 755 2331 904 2371; x_wconf 89' lang='lat' dir='ltr'>populus</span> <span class='ocrx_word' id='word_1_242' title='bbox 919 2330 998 2362; x_wconf 68' lang='lat' dir='ltr'>BA:</span> <span class='ocrx_word' id='word_1_243' title='bbox 1022 2330 1146 2370; x_wconf 82' lang='lat' dir='ltr'>uulgus</span> <span class='ocrx_word' id='word_1_244' title='bbox 1164 2330 1215 2361; x_wconf 73' lang='lat' dir='ltr'>CA</span> <span class='ocrx_word' id='word_1_245' title='bbox 1347 2340 1367 2369; x_wconf 86' lang='lat'><strong>3</strong></span> <span class='ocrx_word' id='word_1_246' title='bbox 1391 2340 1452 2360; x_wconf 85' lang='lat' dir='ltr'>vos</span> 
     </span>
     <span class='ocr_line' id='line_1_35' title="bbox 116 2373 1451 2416; baseline -0.001 -11"><span class='ocrx_word' id='word_1_247' title='bbox 116 2381 150 2405; x_wconf 87' lang='lat' dir='ltr'>et</span> <span class='ocrx_word' id='word_1_248' title='bbox 164 2375 220 2405; x_wconf 87' lang='lat' dir='ltr'>ina</span> <span class='ocrx_word' id='word_1_249' title='bbox 232 2374 290 2414; x_wconf 67' lang='lat' dir='ltr'>CA,</span> <span class='ocrx_word' id='word_1_250' title='bbox 307 2375 392 2406; x_wconf 82' lang='lat' dir='ltr'>unde</span> <span class='ocrx_word' id='word_1_251' title='bbox 406 2386 472 2415; x_wconf 89' lang='lat' dir='ltr'>quo</span> <span class='ocrx_word' id='word_1_252' title='bbox 488 2376 609 2407; x_wconf 85' lang='lat' dir='ltr'>Setina</span> <span class='ocrx_word' id='word_1_253' title='bbox 620 2375 821 2416; x_wconf 77' lang='lat' dir='ltr'>Oudendorp</span> <span class='ocrx_word' id='word_1_254' title='bbox 908 2385 926 2415; x_wconf 88' lang='lat'><strong>5</strong></span> <span class='ocrx_word' id='word_1_255' title='bbox 945 2375 1027 2406; x_wconf 84' lang='lat' dir='ltr'>mari</span> <span class='ocrx_word' id='word_1_256' title='bbox 1041 2374 1091 2406; x_wconf 75' lang='lat' dir='ltr'>CA</span> <span class='ocrx_word' id='word_1_257' title='bbox 1180 2385 1197 2414; x_wconf 94' lang='lat'>7</span> <span class='ocrx_word' id='word_1_258' title='bbox 1216 2373 1296 2415; x_wconf 87' lang='lat' dir='ltr'>nisi]</span> <span class='ocrx_word' id='word_1_259' title='bbox 1311 2374 1386 2405; x_wconf 87' lang='lat' dir='ltr'>misi</span> <span class='ocrx_word' id='word_1_260' title='bbox 1402 2373 1451 2404; x_wconf 69' lang='lat' dir='ltr'>CA</span> 
     </span>
     <span class='ocr_line' id='line_1_36' title="bbox 115 2418 900 2458; baseline 0.001 -9"><span class='ocrx_word' id='word_1_261' title='bbox 115 2430 136 2458; x_wconf 89' lang='lat'><strong>9</strong></span> <span class='ocrx_word' id='word_1_262' title='bbox 153 2419 392 2450; x_wconf 83' lang='lat' dir='ltr'>canusianatus</span> <span class='ocrx_word' id='word_1_263' title='bbox 407 2419 457 2450; x_wconf 81' lang='lat' dir='ltr'>CA</span> <span class='ocrx_word' id='word_1_264' title='bbox 558 2430 598 2450; x_wconf 79' lang='lat' dir='ltr'>ro</span> <span class='ocrx_word' id='word_1_265' title='bbox 615 2420 704 2450; x_wconf 81' lang='lat' dir='ltr'>cultu</span> <span class='ocrx_word' id='word_1_266' title='bbox 719 2423 755 2449; x_wconf 82' lang='lat' dir='ltr'>ut</span> <span class='ocrx_word' id='word_1_267' title='bbox 770 2419 831 2450; x_wconf 78' lang='lat' dir='ltr'>vid.</span> <span class='ocrx_word' id='word_1_268' title='bbox 844 2418 900 2449; x_wconf 79' lang='grc' dir='ltr'>ΒΑ</span> 
     </span>
    </p>
   </div>
  </div>
 </body>
</html>
