1648 2729
764 137 1237 177 EPIGRAMMATON
1268 139 1374 177 LIB.

121 247 320 286 buccellas
351 247 503 286 misisse
533 255 620 286 tuas
651 254 700 295 te,
733 247 885 294 Pontia,
918 247 1029 287 dicis.

175 315 264 352 Has
292 326 366 364 ego
396 326 476 352 non
508 313 672 360 mittam,
706 313 860 360 Pontia,
892 315 963 353 sed
993 328 1067 353 nec
1097 315 1226 353 edam.
1279 337 1286 340 -

600 431 774 468 LXXVI

121 501 194 540 Ille
223 499 322 539 sacri
351 499 481 539 lateris
510 508 643 539 custos
675 500 895 551 Martisque
925 501 1058 551 togati,

173 566 323 605 credita
351 565 415 605 cui
444 565 590 605 summi
619 575 744 605 castra
774 568 882 606 fuere
911 567 1035 613 ducis,

119 631 184 670 hic
213 630 310 670 situs
340 639 398 670 est
429 633 591 670 Fuscus.
652 631 764 671 Licet
794 633 881 679 hoc,
916 634 1100 679 Fortuna,
1134 632 1268 671 fateri:

173 709 255 735 non
285 696 397 735 timet
428 696 579 735 hostilis
609 696 687 735 iam
718 697 816 748 lapis
846 697 919 736 iste
949 697 1076 736 minas
1091 713 1100 746 5

117 763 267 812 grande
296 761 431 813 iugum
462 762 614 801 domita
646 764 780 801 Dacus
810 762 962 802 cervice
992 763 1139 814 recepit

173 836 212 867 et
240 829 434 866 famulum
463 827 601 867 victrix
629 828 808 879 possidet
837 829 977 868 umbra
1007 843 1157 868 nemus.

594 945 794 982 LXXVII

119 1016 223 1055 Cum
254 1015 305 1054 sis
335 1023 415 1053 tam
445 1028 596 1065 pauper
624 1029 744 1066 quam
775 1029 849 1054 nec
880 1015 1112 1054 miserabilis
1145 1017 1241 1062 Iros,

173 1089 253 1119 tam
283 1080 435 1120 iuvenis
465 1094 586 1132 quam
616 1094 690 1120 nec
722 1082 1046 1131 Parthenopaeus
1076 1090 1167 1128 erat,

118 1154 199 1185 tam
228 1146 338 1185 fortis
368 1160 488 1197 quam
518 1160 592 1185 nec
621 1160 713 1185 cum
743 1146 917 1185 vinceret
946 1146 1232 1193 Artemidorus,

173 1211 270 1262 quid
301 1220 338 1250 te
369 1212 659 1262 Cappadocum
689 1225 756 1250 sex
785 1225 887 1250 onus
917 1225 1003 1250 esse
1033 1211 1172 1250 iuvat?

118 1277 255 1316 rideris
286 1279 493 1327 multoque
523 1277 646 1328 magis
677 1277 903 1324 traduceris,
936 1279 1044 1325 Afer,

173 1356 293 1393 quam
323 1343 456 1381 nudus
486 1342 621 1381 medio
651 1342 683 1381 si
713 1342 880 1393 spatiere
910 1344 1006 1382 foro.

118 1421 202 1447 non
230 1407 342 1447 aliter
371 1416 613 1447 monstratur
641 1409 783 1446 Atlans
814 1421 906 1446 cum
935 1422 1123 1458 compare
1151 1408 1274 1459 ginno

173 1486 356 1524 quaeque
385 1474 493 1512 vehit
522 1473 691 1512 similem
722 1474 839 1512 belua
869 1474 977 1524 nigra
1007 1474 1147 1524 Libyn.

120 1539 324 1578 Invidiosa
354 1539 426 1578 tibi
455 1553 578 1590 quam
608 1539 657 1578 sit
686 1539 826 1578 lectica
855 1539 1052 1590 requiris?

174 1607 269 1645 Non
298 1606 422 1644 debes
452 1605 541 1644 ferri
571 1613 750 1644 mortuus
780 1606 1022 1655 hexaphoro.

572 1712 797 1749 LXXVIII
925 1758 932 1769 Δ

228 1784 350 1821 Potor
378 1781 536 1829 nobilis,
568 1783 683 1829 Aule,
714 1780 865 1820 lumine
895 1794 976 1820 uno

228 1849 360 1886 luscus
390 1848 520 1897 Phryx
549 1848 864 1902 eratpalteroque
893 1846 1034 1896 lippus.

227 1913 322 1951 huic
352 1915 483 1951 Heras
512 1912 693 1951 medicus
725 1911 872 1950 ‘Bibas
902 1921 1066 1951 caveto:

227 1978 365 2017 vinum
394 1977 427 2016 si
455 1977 614 2025 biberis,
645 1977 744 2016 nihil
773 1976 952 2016 videbis.’

228 2044 383 2083 Ridens
412 2045 542 2094 Phryx
571 2045 689 2082 oculo
720 2042 929 2081 ‘Valebis'
959 2042 1097 2092 inquit.

228 2109 384 2148 misceri
414 2108 489 2147 sibi
517 2108 698 2159 protinus
733 2109 909 2147 deunces

164 2225 185 2252 4
209 2224 277 2244 non
296 2224 337 2245 m.
359 2213 418 2253 (E)
437 2212 489 2243 vel
501 2223 567 2255 nec
584 2223 626 2244 m.
648 2212 714 2253 (A)
734 2211 786 2243 CA

167 2257 312 2288 LXXVI
337 2256 411 2288 hab.
434 2257 465 2288 T
549 2267 569 2287 2
593 2257 723 2287 credite
742 2256 790 2287 CA

1405 140 1463 176 VI

1428 1621 1468 1643 10

168 2301 331 2331 LXXVII
358 2311 408 2331 vv.
435 2301 498 2331 1-6
520 2301 594 2332 hab.
621 2300 653 2331 T
759 2310 774 2330 1
800 2310 866 2331 nec
883 2309 948 2330 om.
975 2298 1005 2329 T
1074 2299 1178 2330 heros
1199 2298 1230 2329 T
1335 2307 1356 2337 3
1380 2304 1469 2329 arte-

122 2345 234 2375 midos
252 2344 301 2375 CA
391 2355 411 2384 4
435 2355 503 2375 onu
518 2344 576 2374 ΒΑ
664 2354 684 2383 5
707 2354 791 2384 aper
807 2343 862 2373 ΒΑ
952 2353 969 2382 7
995 2342 1101 2382 ginno
1121 2341 1256 2374 Set-iver.
1276 2354 1284 2373 :
1307 2342 1398 2373 mulo
1413 2342 1469 2373 BA

123 2389 236 2429 (gloss.
255 2392 292 2418 ut
304 2388 404 2427 vid.):
430 2389 544 2428 gybbo
559 2388 637 2429 (gi-)
657 2388 706 2419 CA

168 2432 350 2463 LXXVIII
378 2441 392 2461 1
419 2432 560 2463 Potator
574 2432 629 2462 BA
764 2441 784 2471 3
809 2436 882 2462 erat
899 2430 947 2462 CA
967 2431 1044 2472 (pro
1061 2440 1149 2470 eras,
1167 2430 1187 2462 i.
1196 2440 1220 2461 e.
1241 2429 1371 2472 Heras)
