1648 2729
196 113 251 149 M.
285 113 321 149 V
323 113 407 150 AL.
441 112 757 150 MARTIALIS

192 237 243 261 an
274 223 397 273 magis
427 224 640 271 Herculeo,
674 223 922 271 Germanice,
954 222 1060 262 misit
1088 223 1139 263 ab
1168 231 1272 263 astro
1493 239 1531 271 15

249 290 352 327 hanc
381 288 454 327 tibi
482 290 543 327 vel
572 290 689 327 frater
717 290 779 328 vel
808 297 919 339 pater
947 288 1032 339 ipse
1061 290 1214 327 feram?

637 372 710 409 LV
740 370 870 422 (LVI)

194 441 460 492 Temporibus
490 441 632 481 nostris
661 449 768 480 aetas
798 455 889 480 cum
919 442 1036 480 cedat
1063 455 1227 480 avorum

250 507 412 545 creverit
441 515 480 546 et
510 507 634 545 maior
662 520 753 545 cum
784 508 887 545 duce
918 508 1049 545 Roma
1079 520 1162 554 suo,

194 569 399 620 ingenium
429 569 528 608 sacri
558 568 706 607 miraris
737 571 851 608 desse
883 569 1061 608 Maronis

249 648 324 674 nec
353 647 596 685 quemquam
626 642 735 672 tanta
764 635 868 672 bella
896 648 1036 673 sonare
1065 635 1171 673 tuba.

194 700 272 738 sint
303 702 568 747 Maecenates,
601 713 683 738 non
712 701 865 747 derunt,
899 701 1050 747 Flacce‚
1084 701 1272 738 Marones
1515 715 1533 747 5

250 765 548 816 Vergiliumque
578 764 650 803 tibi
679 766 740 803 vel
769 772 838 803 tua
866 779 955 803 rura
983 765 1147 803 dabunt.

195 831 327 881 iugera
356 830 579 881 perdiderat
609 829 774 869 miserae
802 830 931 869 vicina
961 831 1184 870 Cremonae

250 896 370 934 flebat
399 903 437 934 et
465 896 659 934 abductas
689 896 846 945 Tityrus
875 910 991 946 aeger
1019 909 1138 934 oves:

195 960 276 999 risit
306 962 461 999 Tuscus
491 974 612 1011 eques
641 969 995 1011 paupertatemque
1025 961 1238 1012 malignam

250 1026 420 1076 reppulit
449 1033 488 1064 et
516 1025 633 1064 celeri
661 1026 773 1064 iussit
801 1027 910 1065 abire
939 1028 1041 1077 fuga.
1495 1041 1537 1064 10

198 1091 372 1142 ‘Accipe
401 1091 556 1130 divitias
587 1100 625 1130 et
653 1100 787 1130 vatum
818 1092 1012 1131 maximus
1043 1100 1159 1140 est03

250 1165 292 1195 tu
322 1156 413 1195 licet
442 1164 480 1195 et
509 1159 709 1195 nostrum'
739 1157 836 1195 dixit
867 1157 1034 1195 ‘Alexin
1063 1158 1198 1196 ames.'

195 1222 378 1260 adstabat
407 1221 560 1260 domini
589 1221 735 1260 mensis
765 1222 1051 1272 pulcherrimus
1080 1222 1146 1261 ille

251 1301 470 1325 marmorea
499 1288 669 1326 fundens
700 1287 808 1337 nigra
839 1289 1004 1326 Falerna
1033 1301 1164 1334 manu,

196 1358 234 1388 et
264 1350 384 1388 libata
413 1350 534 1388 dabat
562 1349 683 1389 roseis
713 1350 914 1389 carchesia
942 1350 1061 1389 labris
1497 1366 1535 1397 15

252 1429 353 1465 quae
383 1423 564 1465 poterant
593 1415 723 1465 ipsum
753 1416 962 1454 sollicitare
993 1417 1142 1454 Iovem.

198 1480 343 1519 excidit
371 1480 540 1519 attonito
570 1480 726 1531 pinguis
757 1482 923 1520 Galatea
951 1488 1093 1532 poetae

252 1546 450 1596 Thestylis
480 1554 518 1584 et
547 1547 683 1585 rubras
713 1546 907 1584 messibus
938 1554 1025 1584 usta
1053 1558 1203 1596 genas3

197 1611 376 1662 protinus
407 1613 588 1649 ITALlAM
618 1611 803 1662 concepit
832 1619 871 1650 et
899 1624 1019 1649 ARMA
1049 1622 1281 1658 VIRVMQVE,

251 1676 319 1726 qui
349 1678 471 1715 modo
500 1676 563 1714 vix
593 1676 772 1716 Culicem
802 1678 961 1715 fleverat
989 1690 1056 1715 ore
1085 1676 1182 1715 rudi.
1497 1693 1537 1714 20

197 1741 294 1792 quid
323 1741 463 1780 Varios
494 1743 730 1792 Marsosque
760 1743 898 1792 loquar
927 1742 1130 1792 ditataque
1158 1749 1291 1780 vatum

252 1806 425 1854 nomina,
458 1820 624 1857 magnus
654 1806 725 1845 erit
755 1820 855 1856 quos
885 1820 1091 1846 numerare
1125 1807 1266 1845 labor?

200 1873 303 1922 Ergo
333 1885 406 1922 ego
435 1871 641 1921 Vergilius,
673 1871 705 1909 si
735 1885 898 1910 munera
928 1871 1174 1910 Maecenatis

252 1939 321 1976 des
352 1937 478 1976 mihi?
515 1937 710 1987 Vergilius
740 1951 822 1976 non
851 1951 930 1985 ero,
963 1939 1119 1976 Marsus
1149 1950 1226 1976 ero.

244 2041 323 2072 LIII
352 2043 391 2072 16
414 2042 503 2072 hunc
522 2040 572 2072 CA
591 2042 625 2081 (u
638 2046 699 2082 pro
715 2042 773 2081 εἳ)

246 2085 303 2115 LV
326 2085 400 2116 hab.
426 2085 473 2123 T;
497 2095 547 2117 vv.
570 2095 676 2125 19-20
692 2085 764 2116 hab.
786 2085 819 2115 R
910 2095 925 2116 1
951 2085 1042 2126 cum]
1062 2086 1091 2116 ci
1113 2085 1144 2115 T
1237 2095 1257 2123 4
1281 2084 1486 2124 nequiquam
1510 2083 1539 2114 T

198 2139 216 2168 5
242 2134 321 2160 sunt
343 2129 373 2159 T
387 2129 514 2168 (etsort.
534 2128 610 2169 ΑΛ)
628 2140 634 2159 :
659 2129 728 2159 sint
743 2128 853 2159 ΒΑΕΔ
997 2139 1014 2168 7
1040 2129 1238 2169 perdiderat
1255 2128 1382 2169 (-ded-)
1399 2126 1513 2158 AACA
1528 2139 1535 2157 :

198 2174 340 2203 dederat
357 2172 412 2202 ΒΑ
430 2172 682 2212 (dedederats)
772 2173 933 2203 miserate
951 2172 1002 2203 CA
1157 2173 1178 2201 8
1201 2182 1284 2211 ager
1312 2171 1363 2202 CA
1379 2172 1469 2212 (cum
1492 2170 1535 2210 T)

204 2226 238 2246 11
265 2216 315 2258 et]
334 2221 386 2247 set
404 2215 454 2246 CA
545 2225 583 2245 12
609 2221 798 2246 monstrum
822 2216 851 2246 T
952 2226 991 2256 13
1014 2216 1168 2246 abstabat
1184 2215 1242 2246 ΒΑ
1342 2225 1379 2254 17
1403 2215 1535 2245 accedit

205 2260 235 2290 T
262 2303 267 2308 ι
336 2260 375 2290 18
398 2259 490 2300 usta]
509 2264 542 2289 ta
557 2258 614 2289 ΒΑ
717 2270 755 2289 21
782 2270 882 2290 uaros
904 2259 952 2290 T:
978 2270 1077 2291 uaros
1093 2270 1170 2290 corr.
1191 2260 1303 2289 uarios
1321 2262 1359 2289 ut
1373 2258 1436 2289 vid.
1454 2257 1510 2288 BA
1527 2269 1534 2288 :

197 2313 311 2377 333³}
340 2301 895 2386 <ACssissssla¹3ss2⁰⁵T<f310C12taque
921 2302 1176 2389 σΑῙῗὲιῖἶῶἶ
1197 2302 1381 2388 ἕῖνῗᾱῖἶῐ
1415 2301 1536 2384 Ιοῳέζ

201 2401 228 2421 e.
250 2399 314 2429 ego
332 2389 392 2419 ΑΛ
408 2401 414 2421 :
439 2400 468 2421 e.
488 2389 694 2421 emBACA:
717 2390 790 2431 ipse
808 2401 871 2430 ego
888 2390 926 2421 Ν
