1648 2729
176 151 232 186 M.
265 149 387 186 VAL.
420 148 735 187 MARTIALIS

177 269 213 299 et
243 261 392 311 piscem
422 262 588 300 tremula
617 261 823 300 salientem
852 262 997 300 ducere
1026 268 1133 300 saeta

230 328 410 377 flavaque
439 328 490 366 de
518 327 637 366 rubro
666 340 847 377 promere
877 328 993 365 mella
1022 328 1154 365 cado?
1473 342 1511 364 10

177 392 332 442 pinguis
361 392 588 443 inaequales
617 400 754 431 onerat
783 392 847 431 cui
876 392 990 431 vilica
1019 406 1176 431 mensas

231 465 269 496 et
298 471 369 496 sua
397 471 478 496 non
509 465 665 508 emptus
694 466 898 508 praeparat
927 471 1002 496 ova
1029 457 1161 496 einis?

178 536 257 561 non
287 531 393 562 amet
422 525 526 562 hanc
555 524 676 562 vitam
706 524 884 574 quisquis
915 538 978 562 me
1008 537 1089 563 non
1118 531 1235 571 amat,
1267 530 1373 574 opto,

231 588 333 627 vivat
363 596 402 627 et
431 589 591 628 urbanis
620 590 733 628 albus
764 589 803 627 in
833 589 981 628 officiis.

690 689 785 726 LVI

178 757 388 797 Continuis
417 765 555 796 vexata
584 759 718 797 madet
747 758 948 797 vindemia
977 758 1147 798 nimbis:

232 836 311 861 non
342 831 466 873 potes,
499 831 540 862 ut
570 824 717 874 cupia8‚
749 825 933 872 vendere,
964 837 1078 875 copo,
1111 838 1275 863 merum.

688 929 785 966 LIX

178 1000 256 1035 Dat
287 997 436 1036 Baiana
465 997 562 1036 mihi
591 1000 830 1048 quadrantes
860 1000 1034 1049 sportula
1064 1007 1237 1038 centum.

230 1063 329 1101 inter
358 1052 526 1101 delicias
549 1063 645 1113 quid
674 1064 767 1102 facit
795 1064 870 1102 ista
898 1065 1054 1103 fames?

176 1129 297 1166 redde
329 1127 430 1178 Lupi
459 1128 575 1167 nobis
604 1129 894 1179 tenebrosaque
924 1130 1066 1168 balnea
1095 1129 1242 1180 Grylli:

231 1201 309 1231 tam
341 1195 443 1232 male
472 1207 563 1232 cum
593 1207 745 1242 cenem,
776 1208 846 1233 cur
873 1195 988 1242 bene,
1021 1197 1173 1243 Flacce,
1205 1197 1340 1234 laver?

700 1294 771 1331 LX

178 1365 305 1400 Intres
334 1364 466 1413 ampla
495 1363 586 1402 licet
615 1363 714 1402 torvi
744 1365 856 1414 lepus
885 1377 954 1403 ora
982 1364 1119 1412 leonis,

231 1442 315 1466 esse
345 1436 477 1467 tamen
507 1443 632 1468 vacuo
663 1443 704 1468 se
733 1431 796 1469 leo
825 1431 946 1469 dente
974 1438 1096 1481 putat.

178 1494 285 1542 quod
315 1502 399 1532 ruet
428 1494 468 1531 in
499 1502 649 1544 tergum
679 1497 740 1534 vel
770 1509 870 1545 quos
900 1497 1135 1546 procumbet
1165 1495 1203 1534 in
1234 1510 1375 1543 armos,

231 1560 308 1597 alta
337 1559 594 1598 iuvencorum
624 1562 785 1599 volnera
813 1562 906 1610 figet
935 1561 1033 1599 ubi?

178 1623 273 1672 quid
303 1624 442 1662 frustra
471 1637 678 1663 nemorum
708 1625 917 1664 dominum
947 1639 1160 1676 regemque
1189 1625 1357 1676 fatigas?
1496 1644 1512 1674 5

232 1701 311 1725 non
342 1688 415 1726 nisi
446 1690 599 1728 delecta
629 1690 801 1740 pascitur
829 1690 894 1730 ille
924 1692 1013 1729 fera.

690 1791 785 1827 LXI

179 1860 336 1896 Verona
366 1857 473 1896 docti
503 1859 671 1908 syllabas
700 1867 806 1899 amat
834 1859 944 1907 vatis,

235 1924 401 1961 Marone
430 1923 521 1962 felix
553 1926 720 1963 Mantua
749 1933 819 1972 est,

178 1995 360 2026 censetur
388 1988 522 2038 Aponi
552 1989 664 2028 Livio
694 2004 766 2029 suo
795 1991 909 2029 tellus

233 2054 432 2102 Stellaque
462 2067 536 2092 nee
567 2056 710 2093 Flacco
740 2055 882 2102 minus,

227 2167 264 2195 14
290 2157 438 2187 urbanus
459 2156 508 2188 CA

225 2200 296 2230 LVI
315 2201 387 2232 hab.
408 2200 441 2230 R

225 2244 303 2274 LIX
327 2244 398 2274 lmb.
426 2244 455 2274 T
626 2253 638 2274 1
665 2244 788 2276 baiona
807 2245 836 2276 T
918 2247 1106 2286 quadrante
1126 2247 1174 2278 CA
1350 2257 1370 2286 3
1396 2252 1468 2278 rete
1492 2247 1521 2277 T

180 2288 243 2318 luci
264 2287 313 2318 CA
445 2298 463 2325 4
488 2286 583 2318 lauer
599 2287 660 2317 ΑΛ
677 2292 745 2327 (-es
767 2289 812 2329 T)
831 2300 837 2320 :
861 2289 956 2321 lauor
974 2291 1082 2331 (-b0r)
1103 2291 1212 2322 ΒΑΕΑ

226 2331 286 2361 LX
311 2340 329 2370 5
354 2331 525 2362 dominum
543 2341 716 2362 nemorum
735 2332 805 2364 BA:
833 2344 1006 2365 nemorum
1026 2335 1197 2365 dominum
1218 2334 1268 2366 CA

227 2375 303 2405 LXI
336 2385 346 2404 r
374 2375 482 2406 doctis
499 2385 525 2406 s.
545 2380 667 2406 marnat
683 2376 740 2406 BA
871 2387 891 2416 3
914 2379 1018 2418 aponi
1039 2378 1119 2409 BA:
1154 2389 1266 2418 apono
1288 2377 1361 2409 CA:
1393 2378 1516 2418 Apona

181 2417 256 2450 Ital,
