1648 2729
154 128 210 164 M.
243 129 364 165 VAL.
399 129 712 165 MARTIALIS

638 252 853 288 LXXXIX

153 345 275 393 Quod
305 343 428 381 nimio
458 344 607 392 gaudes
638 350 798 381 noctem
828 345 1047 393 producere
1077 344 1177 382 vino‘

204 409 392 459 ignosco:
426 408 577 456 vitium,
611 410 753 456 Gaure,
787 409 952 448 Catonis
982 410 1117 448 habes.

151 474 325 512 carmina
354 475 463 524 quod
493 473 630 512 scribis
662 474 789 513 Musis
819 483 857 513 et
888 475 1074 525 Apolline
1104 476 1214 513 nullo

205 539 354 577 laudari
384 540 530 578 debes:
565 541 642 578 hoc
674 540 880 579 Ciceronis
910 540 1043 579 habes.

151 607 259 654 quod
288 604 426 651 vomis,
458 605 632 643 Antoni:
668 607 777 655 quod
806 606 1020 653 luxuriaris,
1053 606 1180 656 Apici.
1466 624 1483 655 5

204 671 312 720 quod
346 671 522 719 <balatro
552 671 619 719 es>
651 670 789 709 vitium
820 671 884 709 dic
914 671 1011 709 mihi
1040 671 1152 709 cuius
1182 672 1335 710 habes?

635 822 709 860 XC

150 906 406 956 Quintiliane,
439 920 558 957 vagae
590 909 815 946 moderator
845 922 999 946 summe
1029 908 1224 956 iuventae,

201 972 323 1022 gloria
354 973 571 1019 Romanae,
606 972 865 1021 Quintiliane,
897 981 1022 1024 togae,

146 1037 274 1075 vivere
304 1038 413 1087 quod
443 1051 611 1087 propero
641 1051 792 1088 pauper
821 1052 896 1077 nec
926 1038 1074 1077 inutilis
1104 1039 1230 1086 annis,

201 1104 252 1141 da
281 1102 461 1140 veniam:
496 1110 680 1153 properat
710 1103 839 1142 vivere
869 1117 989 1142 nemo
1019 1104 1123 1142 satis.

148 1166 301 1206 differat
330 1169 407 1205 hoc
438 1167 582 1217 patrios
614 1176 724 1218 optat
755 1169 823 1218 qui
851 1168 1008 1207 vincere
1038 1182 1180 1207 census
1463 1186 1481 1217 5

200 1232 376 1282 atriaque
405 1232 618 1271 inmodicis
648 1241 747 1272 artat
777 1233 1029 1284 imaginibus.

148 1311 210 1336 me
240 1299 350 1335 focus
380 1305 419 1335 et
449 1297 579 1347 nigros
610 1312 691 1337 non
722 1298 970 1349 indignantia
999 1301 1130 1338 fumos

200 1370 304 1401 tecta
332 1363 467 1401 iuvant
497 1371 535 1402 et
564 1365 653 1402 fons
683 1363 793 1402 vivus
823 1372 861 1403 et
892 1365 1015 1403 herba
1043 1364 1162 1403 rudis.

146 1427 194 1465 sit
224 1427 320 1465 mihi
349 1442 468 1466 verna
498 1436 614 1476 satur,
647 1428 695 1467 sit
725 1442 806 1467 non
838 1429 1056 1468 doctissma
1085 1430 1270 1477 coniunx,

201 1492 248 1531 sit
278 1506 355 1540 nox
385 1507 475 1532 cum
507 1507 658 1541 somno,
692 1494 740 1532 sit
770 1495 854 1532 sine
883 1494 950 1533 lite
980 1494 1075 1532 dies.
1443 1512 1482 1534 10

631 1645 727 1683 XCI

147 1733 295 1769 Rerum
326 1739 431 1769 certa
460 1733 574 1778 salus,
607 1739 795 1769 terrarum
825 1731 957 1781 gloria,
991 1732 1145 1778 Caesar,

199 1797 348 1846 sospite
378 1810 457 1846 quo
488 1809 652 1846 magnos
683 1796 880 1835 credimus
911 1810 996 1835 esse
1026 1799 1134 1844 deos,

145 1861 176 1899 si
206 1861 396 1900 festinatis
427 1861 570 1899 totiens
600 1861 669 1899 tibi
702 1863 804 1899 lecta
833 1861 974 1900 libellis

198 1926 403 1965 detinuere
432 1928 569 1964 oculos
599 1926 773 1965 carmina
803 1934 936 1965 nostra
966 1935 1065 1974 tuos,

145 1993 253 2042 quod
283 1993 440 2030 fortuna
468 1999 574 2030 vetat
603 1992 685 2030 fieri
715 1992 898 2042 permitte
927 1992 1062 2039 videri,
1460 2008 1477 2039 5

198 2064 380 2095 natorum
410 2056 563 2106 genitor
592 2058 729 2095 credar
757 2064 800 2095 ut
830 2071 916 2096 esse
945 2057 1073 2096 trium.

144 2123 253 2169 haec,
285 2121 316 2160 si
346 2121 540 2171 displicui,
573 2122 716 2160 fuerint
746 2122 891 2160 solacia
920 2123 1062 2170 nobis,·

197 2189 296 2226 haec
325 2187 470 2225 fuerint
500 2187 615 2225 nobis
645 2187 829 2237 praemia,
862 2188 893 2226 si
923 2188 1065 2239 placui.

189 2290 375 2320 LXXXIX
398 2290 470 2322 hab.
493 2289 543 2328 T;
567 2301 616 2320 vv.
639 2300 697 2319 1-2
714 2291 786 2322 hab.
806 2291 838 2321 R

188 2334 250 2364 XC
268 2334 342 2365 hab.
363 2333 412 2372 T;
436 2344 484 2364 vv.
505 2343 590 2373 9—10
606 2333 678 2365 hab.
698 2334 729 2363 R
821 2345 837 2373 7
863 2334 975 2376 focus]
994 2344 1097 2374 rogus
1116 2332 1164 2364 CA

187 2377 265 2407 XCI
291 2387 310 2416 3
335 2377 527 2408 festinantis
543 2377 596 2407 ΒΑ
