1648 2729
172 166 229 203 M.
260 165 384 203 VAL.
418 166 734 203 MARTIALIS

169 277 436 326 sardonychas
465 290 558 316 vero
587 290 725 316 mensa
753 276 946 327 quaesivit
974 276 1014 315 in
1044 276 1154 316 omni

224 349 263 380 et
292 341 461 392 pretium
491 341 642 392 magnis
675 341 768 380 fecit
797 341 1027 392 iaspidibus.
1469 358 1510 381 20

171 407 384 446 undecima
412 409 536 446 lassus
566 421 658 446 cum
687 407 765 445 iam
795 407 1016 446 discederet
1045 408 1152 454 hora,

225 485 312 511 asse
342 473 444 511 duos
473 472 615 511 calices
645 472 740 511 emit
769 480 808 511 et
836 472 920 523 ipse
950 472 1049 511 tulit.

698 573 772 609 LX

173 644 251 681 Seu
281 650 323 681 tu
354 641 557 681 Paestanis
585 642 717 693 genita
746 656 786 681 es
817 656 886 681 seu
915 642 1075 681 Tiburis
1103 642 1215 690 arvis,

226 720 295 746 seu
324 707 458 746 rubuit
486 709 600 746 tellus
629 709 804 746 Tuscula
832 708 928 746 flore
956 715 1036 755 tuo,

173 786 242 812 seu
272 773 531 812 Praenestino
559 781 598 812 te
626 773 741 812 vilioe
769 773 861 823 legit
889 773 931 811 in
959 774 1086 820 horto,

227 852 297 877 seu
327 840 451 878 modo
481 838 676 890 Campani
704 838 826 889 gloria
854 838 951 877 ruris
982 852 1090 877 eras:

172 904 373 954 pulchrior
402 912 444 943 ut
473 913 608 944 nostro
638 905 796 943 videare
825 918 973 943 corona
1002 903 1163 951 Sabino,
1494 921 1512 954 5

228 971 279 1009 de
309 971 567 1009 Nomentano
596 978 635 1009 te
664 978 777 1021 putet
806 983 892 1009 esse
921 983 1023 1008 meo.

688 1065 785 1102 LXI

174 1137 223 1173 In
253 1134 488 1173 Tartesiacis
518 1135 661 1173 domus
691 1142 750 1173 est
778 1133 985 1173 notissima
1012 1133 1132 1181 terris,

228 1214 307 1250 qua
335 1200 445 1239 dives
474 1199 675 1250 placidum
707 1199 898 1239 Corduba
927 1199 1068 1238 Baetin
1096 1207 1214 1247 amat,

174 1267 318 1305 vellera
345 1265 478 1304 nativo
507 1267 656 1316 pallent
684 1265 753 1304 ubi
782 1267 882 1303 flava
911 1266 1071 1303 metallo

229 1339 268 1370 et
296 1331 382 1370 linit
412 1330 653 1382 Hesperium
684 1331 835 1369 brattea
863 1329 950 1368 viva
978 1343 1111 1381 pecus.

175 1396 341 1435 aedibus
370 1396 410 1434 in
440 1396 581 1435 mediis
610 1404 715 1435 totos
743 1397 925 1446 amplexa
953 1403 1117 1446 penates
1497 1412 1516 1445 5

229 1469 305 1500 stat
334 1464 515 1512 platanus
545 1461 678 1501 densis
708 1460 945 1501 Caesariana
973 1460 1109 1508 comis,

175 1527 342 1578 hospitis
370 1527 506 1566 invicti
534 1527 666 1578 posuit
696 1541 816 1577 quam
845 1528 1005 1566 dextera
1034 1527 1136 1574 felix,

231 1592 362 1643 coepit
391 1601 430 1632 et
459 1607 506 1631 ex
534 1592 600 1631 illa
628 1606 803 1631 crescere
831 1592 938 1642 virga
968 1606 1099 1630 manu.

176 1666 379 1697 auctorem
409 1658 699 1708 dominumque
727 1672 868 1697 nemus
899 1657 1044 1697 sentire
1073 1657 1254 1697 videtur:

232 1723 288 1762 sic
316 1723 413 1762 viret
442 1731 480 1762 et
508 1723 625 1761 ramis
654 1722 783 1762 sidera
810 1724 916 1761 celsa
944 1723 1052 1773 petit.
1479 1738 1519 1761 10

179 1802 296 1839 saepe
326 1788 400 1827 sub
430 1789 505 1826 hac
533 1787 684 1826 madidi
713 1790 890 1826 luserunt
919 1788 1058 1826 arbore
1088 1787 1216 1826 Fauni

233 1853 369 1892 terruit
397 1861 436 1892 et
465 1852 624 1891 tacitam
654 1854 785 1891 fistula
813 1866 898 1891 sera
927 1854 1122 1901 domum;

179 1920 357 1968 dumque
385 1917 484 1968 fugit
513 1920 618 1957 solos
648 1926 888 1957 nocturnum
918 1920 1027 1956 Pana
1055 1931 1125 1968 per
1152 1931 1276 1968 agros,

235 1997 353 2034 saepe
382 1983 456 2022 sub
485 1985 559 2022 hac
587 1983 701 2022 latuit
729 1983 873 2022 rustica
901 1985 1042 2022 fronde
1073 1985 1210 2033 Dryas.

225 2098 266 2127 19
286 2088 357 2118 uiro
373 2087 443 2118 CA:
462 2097 563 2118 ueros
576 2087 655 2118 Αἶά.
751 2088 860 2118 omnis
881 2087 937 2117 ΒΑ
961 2088 994 2128 (s
1007 2088 1091 2128 fort.
1116 2092 1294 2118 correctura
1319 2088 1517 2129 marginalis

182 2130 228 2162 ad
241 2142 323 2162 vero
340 2132 515 2172 spectans),
535 2131 621 2161 unde
638 2141 771 2162 mensas
787 2141 819 2170 q.
838 2131 871 2161 in
890 2132 1000 2162 omnis
1015 2131 1090 2163 Ital.

225 2175 288 2206 LX
311 2174 384 2206 hab.
418 2175 453 2205 T.
525 2174 610 2205 Cum
640 2174 720 2205 LIX
743 2174 836 2213 confl.
867 2175 916 2205 CA
1007 2185 1021 2204 1
1049 2174 1189 2205 Scutum
1219 2175 1249 2206 T
1268 2176 1355 2215 (tum
1374 2179 1440 2216 pro
1463 2175 1515 2213 tu)

178 2218 338 2258 puestani
357 2218 404 2249 T:
429 2218 562 2257 pestani
583 2217 633 2248 CA
738 2229 775 2249 es
792 2218 869 2258 seu]
888 2228 965 2249 esse
982 2224 1018 2250 ut
1036 2218 1085 2249 CA
1189 2219 1263 2250 auis
1281 2219 1328 2250 T:
1353 2229 1455 2250 aures
1470 2219 1517 2250 CA

181 2271 200 2300 5
218 2261 269 2301 ut]
287 2273 329 2292 ua
346 2261 375 2292 T
439 2261 567 2292 Sabino
580 2272 646 2292 om.
666 2261 696 2292 T
780 2263 800 2291 6
819 2262 923 2301 pudet
940 2261 980 2292 T:
1000 2266 1095 2302 putat
1108 2261 1157 2292 CA
1338 2261 1419 2293 LXI
1440 2272 1516 2293 cum

182 2305 243 2336 LX
255 2305 347 2344 confl.
370 2304 419 2336 CA
503 2315 517 2335 1
544 2305 746 2345 tarpesiacis
766 2305 814 2336 CA
925 2315 944 2344 5
969 2306 1003 2336 in
1021 2305 1077 2336 BA
1092 2317 1100 2337 :
1124 2310 1158 2336 et
1173 2305 1221 2336 CA
1308 2310 1400 2337 totas
1415 2305 1515 2347 (EA)

179 2349 228 2379 vel
240 2354 330 2380 totos
345 2348 395 2380 CA
496 2359 517 2388 9
541 2359 661 2379 nemus
676 2348 754 2380 BA:
778 2358 875 2379 suum
896 2348 944 2379 CA
1047 2359 1086 2379 10
1110 2354 1144 2379 et
1154 2359 1219 2381 om.
1240 2350 1289 2381 CA
1391 2359 1440 2390 11,
1464 2359 1515 2388 12,

184 2402 288 2431 13,14
301 2392 379 2423 BA:
408 2402 460 2431 11,
477 2403 514 2430 14
529 2393 593 2431 (vel
610 2402 658 2432 14,
675 2392 740 2432 11),
758 2402 860 2432 13,12
881 2392 951 2423 CA:
978 2401 1028 2431 13,
1049 2402 1098 2431 14,
1118 2402 1166 2431 11,
1186 2402 1224 2423 12
1237 2393 1362 2423 Munro
1476 2402 1514 2432 13

182 2436 275 2466 solus
293 2437 373 2477 (pro
390 2436 470 2477 -los)
487 2435 575 2466 codd.
698 2445 737 2474 14
754 2435 850 2466 latuit
863 2435 919 2465 BA
934 2448 940 2466 :
965 2436 1090 2476 placuit
1109 2436 1158 2467 CA
