1648 2729
790 183 1257 222 EPIGRAMMATON
1289 184 1391 221 LIB.
1430 185 1443 220 l

112 294 296 333 nimirum
327 293 457 332 timuit
486 301 639 332 nostras
670 295 846 332 Fortuna
875 295 1064 343 querelas,

164 373 266 410 quae
295 373 364 409 par
392 366 472 397 tam
504 372 670 409 magnae
698 372 780 397 non
810 366 892 397 erat
921 358 1103 397 invidiae.
1408 376 1445 396 10

112 425 231 463 Nunc
261 432 299 462 et
328 425 475 463 damna
504 423 663 472 iuvant,
702 430 793 461 sunt
823 423 907 474 ipsa
937 423 1111 474 pericula
1140 423 1262 462 tanti:

163 489 306 528 stantia
334 502 416 528 non
445 496 626 540 poterant
655 496 759 527 tecta
787 489 954 539 probare
982 490 1090 528 deos.

613 577 721 614 XIII

109 648 229 687 Casta
256 660 329 685 suo
357 646 532 697 gladium
562 660 654 685 cum
684 647 853 685 traderet
882 647 996 686 Arria
1026 649 1160 694 Paeto,

162 726 281 763 quem
311 713 361 751 de
390 711 605 751 visceribus
635 712 839 751 strinxerat
868 712 952 762 ipsa
981 712 1071 760 suis,

111 777 173 817 ‘Si
203 791 281 828 qua
310 778 420 824 fides,
451 779 592 815 vulnus
623 779 732 827 quod
762 778 836 816 feci
866 792 947 817 non
977 779 1110 825 dolet,’
1139 777 1277 828 inquit,

165 844 258 882 ‘sed
287 850 328 881 tu
358 843 467 893 quod
497 842 626 890 facies,
659 844 736 881 hoc
767 843 873 890 mihi,
907 845 1036 890 Paete,
1069 844 1202 882 dolet.’

620 932 721 968 XIV

110 1001 293 1049 Delicias,
325 1002 481 1048 Caesar,
513 1002 702 1051 lususque
731 1001 920 1051 iocosque
950 1003 1111 1039 leonum

159 1066 465 1106 vidimus—hoc
494 1066 612 1105 etiam
643 1074 813 1116 praestat
843 1068 989 1105 harena
1018 1066 1141 1105 tibi—

107 1146 197 1170 cum
226 1145 391 1183 prensus
421 1132 571 1170 blando
600 1131 744 1171 totiens
773 1146 797 1170 a
825 1133 947 1171 dente
974 1132 1117 1171 rediret

160 1205 198 1236 et
227 1211 296 1248 per
323 1204 458 1247 aperta
486 1210 606 1247 vagus
636 1205 806 1235 curreret
835 1211 903 1236 ora
931 1199 1053 1247 lqous.

106 1263 224 1301 Vnde
253 1270 384 1312 potest
412 1261 554 1301 avidus<
580 1270 719 1312 captae
749 1264 811 1301 leo
841 1276 1000 1312 parcere
1029 1263 1230 1313 praedae?

159 1329 229 1367 sed
258 1336 391 1366 tamen
421 1341 506 1366 esse
536 1335 626 1366 tuus
656 1327 821 1366 dicitur:
860 1341 951 1378 ergo
981 1336 1121 1378 potest.

616 1416 694 1452 XV

106 1488 142 1525 O
172 1485 269 1524 mihi
297 1493 387 1536 post
416 1487 558 1533 nullos,
592 1485 678 1533 Iuli,
712 1487 969 1524 memorande
999 1487 1165 1534 sodales,

159 1551 190 1589 si
220 1551 316 1601 quid
345 1553 463 1602 longa
492 1552 590 1590 fides
620 1564 800 1600 canaque
830 1551 912 1589 iura
940 1553 1083 1598 valent,

105 1616 164 1655 bis
193 1616 271 1655 iam
300 1630 427 1667 paene
457 1616 527 1654 tibi
557 1618 696 1655 consul
726 1616 974 1655 tricensimus
1004 1616 1134 1664 instat,

157 1689 196 1720 et
225 1690 405 1720 numerat
434 1695 582 1732 paucos
612 1682 674 1720 vix
703 1690 770 1720 tua
799 1681 878 1720 vita
906 1682 1002 1721 dies.

104 1760 184 1785 non
214 1747 316 1785 bene
345 1746 541 1786 distuleris
570 1747 704 1786 videas
734 1760 836 1797 quae
865 1761 982 1798 posse
1012 1747 1154 1797 negari,

157 1819 195 1850 et
223 1813 353 1850 solum
383 1813 460 1850 hoc
488 1813 621 1859 ducas,
654 1813 764 1862 quod
793 1812 876 1860 fuit,
908 1826 994 1851 esse
1023 1819 1146 1851 tuum.

104 1884 332 1927 exspectant
361 1891 558 1928 curaeque
587 1877 839 1927 catenatique
869 1878 1035 1935 labores,

155 1942 299 1992 gaudia
327 1956 409 1981 non
438 1950 654 1990 remanent,
686 1944 757 1982 sed
786 1943 947 1993 fugitiva
975 1945 1119 1982 volant.

103 2009 202 2046 haec
232 2015 397 2058 utraque
427 2021 547 2046 manu
578 2010 855 2058 conplexuque
884 2009 1022 2047 adsere
1051 2016 1160 2047 toto:

155 2085 273 2122 saepe
302 2074 429 2111 fluunt
458 2073 539 2111 imo
569 2073 625 2112 sic
653 2087 814 2123 quoque
843 2075 952 2124 lapsa
981 2073 1080 2112 sinu.
1401 2091 1438 2112 10

103 2151 184 2176 non
214 2145 283 2184 est,
315 2139 433 2176 crede
463 2138 569 2185 mihi,
602 2138 790 2189 sapientis
819 2138 952 2177 dicere
985 2139 1194 2178 ‘Vivam':

156 2216 242 2241 sera
271 2202 388 2241 nimis
417 2203 505 2254 vita?
525 2211 583 2242 est
612 2204 804 2243 crastina:
846 2203 932 2243 vive
961 2204 1092 2243 hodie.

147 2305 214 2336 XII
243 2317 282 2337 xo
305 2317 366 2346 par
381 2307 467 2348 tam]
486 2312 582 2346 parta
598 2307 653 2337 ΒΑ
671 2308 745 2348 (seq.
766 2308 813 2343 m)
945 2318 982 2338 12
1007 2308 1107 2338 deum
1125 2307 1184 2337 AA
1200 2320 1206 2338 :
1230 2309 1313 2339 deos
1330 2309 1437 2340 ΒΑΕΔ

146 2349 232 2380 ΧΙΙΙ
258 2350 329 2382 hab.
355 2350 385 2381 T
477 2351 564 2381 Cum
582 2351 650 2382 XII
668 2351 759 2390 confl.
776 2351 832 2381 BA
964 2361 983 2380 2
1008 2352 1194 2382 strinxerat
1210 2352 1346 2384 AABA:
1372 2358 1438 2384 tra-

103 2398 200 2423 xerat
219 2394 269 2424 CA
401 2404 421 2433 3
444 2394 522 2425 fecit
538 2394 595 2424 ΒΑ
726 2406 745 2433 4
769 2395 859 2434 quod
879 2400 914 2425 tu
931 2395 1046 2425 AACA
1060 2407 1070 2426 .·
1095 2400 1129 2426 tu
1146 2396 1236 2435 quod
1254 2396 1308 2426 ΒΑ

146 2437 229 2468 XIV
250 2436 324 2469 hab.
349 2437 380 2468 T
506 2448 526 2468 2
549 2438 612 2469 hoe
628 2437 763 2470 AACA:
787 2439 849 2470 hos
865 2438 921 2468 ΒΑ

150 2480 214 2511 XV
241 2491 253 2510 1
273 2482 409 2512 sodales
425 2482 504 2514 BA:
526 2482 653 2512 sodalis
671 2482 721 2512 CA
853 2492 872 2521 5
895 2483 985 2522 quod
1002 2482 1077 2513 BA:
1111 2493 1197 2522 quae
1216 2481 1265 2513 CA
1402 2494 1440 2514 10

107 2525 216 2555 fluunt
230 2524 287 2555 ΒΑ
304 2527 394 2564 <cum
410 2524 490 2566 XC)
505 2536 511 2555 :
537 2526 643 2556 fluent
661 2525 710 2556 CA
727 2525 817 2566 (cum
835 2526 892 2567 M)
