1648 2729
694 160 1165 199 EPIGRAMMATON
1198 160 1303 197 LIB.
1334 160 1418 196 XII

80 272 318 312 circumfusa
345 271 443 311 rosis
473 279 511 310 et
543 271 652 322 nigra
681 271 876 310 recumbit
905 284 1067 309 amomo

135 337 281 377 dormit
309 346 349 376 et
377 337 417 375 in
446 338 581 388 pluma
609 350 887 387 purpureoque
916 344 1013 374 toro.

82 404 186 443 Cum
215 403 378 442 recubet
406 404 581 453 pulchre,
612 416 704 441 cum
734 410 814 441 tam
844 403 947 441 bene
977 401 1080 440 vivat
1108 402 1216 452 apud
1246 409 1295 448 te,

133 470 185 508 ad
217 471 387 507 Damam
418 468 549 519 potius
578 468 635 507 vis
665 476 732 507 tua
760 467 878 507 febris
908 469 1000 506 eat?
1384 482 1423 504 ιο

566 581 714 618 XVIII

193 664 299 700 Dum
331 670 371 701 tu
402 661 564 701 forsitan
594 662 795 713 inquietus
824 675 928 701 erras

189 729 374 775 clamosa,
408 728 617 775 Iuvenalis,
650 728 690 766 in
722 728 876 766 Subura

188 802 255 832 aut
286 795 428 832 collem
458 793 646 832 dominae
675 793 766 832 teris
798 794 976 841 Dianae;

188 859 284 896 dum
315 871 384 908 per
413 858 549 896 limina
578 866 617 896 te
646 858 914 908 potentiorum

188 923 363 962 sudatrix
392 931 483 974 toga
511 924 674 963 ventilat
702 937 927 975 vagumque
1404 939 1421 969 5

189 989 313 1028 maior
342 989 501 1029 Caelius
531 997 569 1028 et
598 989 728 1028 minor
756 988 941 1039 fatigant:

189 1068 252 1093 me
282 1056 428 1093 multos
456 1054 622 1105 repetita
649 1063 740 1105 post
772 1055 1015 1093 Decembres

187 1120 341 1170 accepit
371 1134 459 1159 mea
487 1120 759 1171 rusticumque
789 1120 880 1159 fecit

187 1199 283 1224 auro
314 1185 467 1224 Bilbilis
497 1193 536 1224 et
565 1186 736 1237 superba
765 1187 876 1224 ferro.

190 1251 271 1290 Hie
300 1251 398 1302 pigri
427 1251 595 1290 colimus
625 1253 760 1291 labore
790 1251 898 1291 dulci
1386 1267 1424 1287 10

190 1318 409 1355 Boterdum
441 1316 969 1367 Plateamque—Celtiberis

189 1384 287 1421 haec
317 1390 408 1421 sunt
438 1383 602 1421 nomina
630 1383 820 1422 crassiora
849 1382 1036 1421 terris——z

189 1447 338 1499 ingenti
367 1449 474 1487 fruor
502 1448 752 1499 inproboque
782 1462 925 1487 somno

188 1528 308 1564 quem
339 1528 412 1552 nec
442 1514 555 1552 tertia
584 1528 702 1565 saepe
731 1514 877 1565 rumpit
906 1515 1013 1560 hora,

188 1588 227 1618 et
256 1587 383 1618 totum
414 1579 511 1617 mihi
541 1593 648 1618 nunc
678 1593 829 1629 repono
856 1578 1053 1629 quidquid
1387 1594 1424 1626 15

189 1653 247 1683 ter
275 1646 402 1683 denos
431 1644 681 1695 vigilaveram
712 1659 781 1695 per
808 1658 946 1683 annos.

190 1713 334 1761 Ignota
363 1718 422 1749 est
451 1719 554 1761 toga,
586 1712 656 1749 sed
687 1712 802 1749 datur
830 1710 982 1761 petenti

188 1784 303 1826 rupta
331 1776 511 1826 proxima
539 1776 657 1814 vestis
687 1790 710 1814 a
738 1777 937 1815 cathedra.

189 1850 414 1892 surgentem
445 1843 557 1880 focus
587 1841 731 1892 excipit
760 1842 931 1892 superba

188 1907 306 1946 vicin'i
336 1915 441 1946 strue
472 1909 601 1945 cultus
630 1906 762 1954 iliceti‚
1384 1923 1426 1946 20

188 1975 312 2011 multa
340 1973 455 2011 vilica
484 1986 604 2023 quem
633 1979 797 2011 coronat
826 1974 914 2010 olla.

188 2038 393 2089 dispensat
421 2038 552 2089 pueris
582 2046 773 2089 rogatque
801 2039 942 2088 longos
1384 2055 1422 2084 ²4

187 2103 283 2142 levis
312 2118 460 2155 ponere
489 2104 626 2143 vilicus
655 2104 830 2154 capillos.
1382 2121 1422 2152 25

188 2169 253 2208 Sic
282 2183 347 2208 me
376 2169 516 2217 vivere,
548 2169 604 2208 sie
633 2169 739 2208 iuvat
768 2169 904 2220 perire.

127 2273 227 2304 XVII
252 2285 273 2314 9
298 2275 438 2305 recubet
454 2274 513 2303 ΛΑ
530 2285 538 2304 z
564 2274 609 2304 sit
627 2274 658 2303 ei
674 2274 748 2304 BA:
773 2275 801 2304 si
818 2279 851 2304 te
871 2274 920 2304 CA
936 2274 1018 2314 (pro
1033 2274 1077 2304 sit
1095 2274 1136 2313 ei,
1158 2274 1214 2304 vix
1225 2279 1284 2313 pro
1299 2276 1400 2311 scite)
1417 2286 1423 2304 :

80 2319 123 2349 sit
140 2323 208 2349 tam
224 2317 262 2349 N
360 2329 434 2349 cum
451 2323 566 2348 tamen
583 2318 674 2348 bibat
697 2318 746 2349 CA
773 2319 853 2357 (pro
877 2318 982 2358 vivat)
1156 2328 1195 2348 10
1217 2318 1284 2359 vis]
1303 2319 1357 2350 uir
1376 2318 1425 2350 CA

80 2366 153 2392 erat
170 2362 220 2393 CA
483 2362 602 2393 XVIII
631 2372 644 2392 1
671 2372 747 2393 eras
765 2361 858 2401 (LQ)
875 2362 925 2392 vel
939 2371 1033 2392 erras
1050 2361 1106 2391 BA
1256 2372 1274 2401 7
1299 2363 1424 2393 multos

79 2406 154 2437 Ilal.
173 2418 180 2437 :
209 2406 331 2437 multas
346 2405 434 2436 codd.
574 2416 614 2436 10
638 2406 792 2437 colurnus
811 2406 860 2436 CA
1003 2415 1046 2436 20
1070 2405 1183 2436 iluceti
1202 2405 1249 2437 CA
1382 2417 1424 2444 24

83 2450 284 2490 dispensant
302 2450 396 2490 pueri
414 2450 470 2480 BA
486 2462 493 2481 :
517 2449 693 2490 dispensat
711 2450 826 2490 pueris
853 2450 901 2481 CA
