1648 2729
699 178 1171 218 EPIGRAMMATON
1202 179 1306 216 LIB.
1338 179 1422 215 XII

522 290 761 328 LXXXVII

86 361 154 400 Bis
185 362 305 401 Cotta
333 361 461 399 soleas
490 359 710 411 perdidisse
740 372 781 397 se
811 367 985 409 questus,

85 427 182 466 dum
211 427 487 476 neglegentem
517 424 628 464 ducit
656 425 708 464 ad
737 425 859 475 pedes
889 438 1060 471 vernam,

84 491 153 543 qui
182 493 288 531 solus
317 490 428 542 inopi
456 497 627 542 praestat
656 497 694 529 et
723 489 816 528 facit
845 490 1013 537 turbam,

84 556 496 608 excogitavit—homo
526 569 643 606 sagax
672 564 710 595 et
738 563 945 594 astutus—

84 636 136 662 ne
164 624 292 661 facere
321 629 456 673 posset
484 623 561 660 tale
591 621 746 672 saepius
776 622 992 660 damnum:

85 689 331 727 excalceatus
361 687 416 726 ire
444 687 576 738 coepit
604 688 656 726 ad
685 700 836 725 cenam.

516 786 780 824 LXXXVIII

84 859 344 911 Tongilianus
374 860 495 899 habet
523 873 675 907 nasum,
707 859 800 907 scio,
832 873 914 898 non
944 873 1028 910 ego.
1088 861 1167 899 Sed
1196 859 1274 898 iam

139 926 194 964 nil
223 933 377 977 praeter
405 939 547 964 nasum
577 925 836 976 Tongilianus
867 925 998 964 habet.

541 1026 758 1063 LXXXIX

195 1103 318 1152 Quod
346 1104 436 1141 lana
464 1110 582 1153 caput
609 1101 755 1152 alligas,
788 1101 971 1148 Charine,

194 1181 276 1207 non
304 1181 417 1207 aures
447 1167 519 1206 tibi
548 1169 619 1206 sed
648 1169 786 1207 dolent
815 1167 956 1218 capilli.

609 1266 684 1305 XC

87 1345 163 1381 Pro
192 1356 297 1390 sene,
330 1343 401 1381 sed
430 1344 543 1390 clare,
575 1350 711 1381 votum
745 1344 860 1380 Maro
888 1342 981 1381 fecit
1009 1342 1150 1389 amico,

141 1407 205 1447 cui
232 1407 358 1459 gravis
388 1415 428 1447 et
455 1409 609 1447 fervens
639 1407 907 1446 hemitritaeos
937 1415 1028 1455 erat,

86 1473 118 1512 si
147 1473 299 1524 Stygias
328 1487 444 1523 aeger
471 1487 553 1512 non
583 1481 685 1512 esset
715 1473 856 1511 missus
885 1474 937 1512 ad
967 1473 1136 1520 umbras,

141 1547 184 1578 ut
213 1541 372 1579 caderet
400 1553 545 1590 magno
574 1538 734 1578 victima
761 1547 869 1590 grata
899 1538 996 1578 Iovi.

87 1606 317 1655 Coeperunt
346 1612 493 1643 certam
523 1603 669 1643 medici
697 1605 894 1655 spondere
923 1605 1101 1642 salutem.
1408 1622 1425 1651 5

141 1684 191 1709 ne
220 1678 357 1709 votum
387 1671 512 1708 solvat
541 1684 649 1708 nunc
680 1672 795 1708 Maro
825 1678 917 1708 vota
945 1669 1048 1708 facit.

587 1770 709 1809 XCII

88 1847 214 1897 Saepe
243 1859 379 1897 rogare
408 1847 510 1885 soles
541 1846 666 1896 qualis
697 1845 785 1894 sim,
815 1845 957 1893 Prisce,
989 1846 1153 1893 futurus,

142 1911 174 1950 si
203 1913 295 1950 fiam
325 1912 502 1961 locuples
532 1911 686 1961 simque
715 1918 877 1961 repente
905 1918 1058 1961 potens.

90 1978 345 2028 Quemquam
374 1990 492 2027 posse
521 1984 636 2027 putas
666 1989 795 2015 mores
824 1989 979 2014 narrare
1007 1977 1192 2014 futuros?

143 2041 208 2081 dic
238 2041 346 2090 mihi,
378 2042 410 2081 si
439 2043 509 2080 fias
539 2049 581 2080 tu
611 2043 683 2090 leo,
717 2040 843 2092 qualis
873 2040 976 2079 eris?

135 2147 335 2178 LXXXVII
360 2156 379 2186 3
404 2146 522 2177 urbam
539 2146 596 2176 ΒΑ
727 2156 747 2184 4
771 2146 893 2186 sagax]
912 2149 1033 2176 suatax
1052 2145 1101 2176 CA

135 2191 355 2222 LXXXVIII
382 2202 395 2221 1
424 2201 492 2221 non
510 2200 599 2229 nego
616 2189 701 2229 Ital„
710 2190 793 2229 sort.
814 2193 890 2220 recte

136 2235 323 2266 LXXXIX
338 2234 412 2265 hab.
438 2234 468 2265 T
511 2237 516 2243 ’
554 2244 569 2263 1
595 2234 711 2273 alligat
725 2233 774 2264 CA

135 2279 197 2310 XC
221 2278 293 2310 hab.
318 2279 348 2309 T
464 2288 479 2309 1
506 2278 596 2309 clare
613 2277 753 2308 AABA:
777 2287 855 2307 caro
876 2276 925 2308 CA
1036 2286 1056 2315 3
1081 2280 1173 2307 esset
1188 2275 1325 2307 AACA:
1363 2275 1428 2306 iret

89 2322 146 2353 ΒΑ
161 2335 168 2354 :
191 2323 273 2353 isset
299 2322 460 2353 Heinsius
546 2322 682 2352 umbras
698 2321 759 2352 AA
773 2332 781 2352 ε
804 2321 913 2351 undas
930 2319 1038 2350 BACA
1146 2321 1168 2350 6
1189 2330 1280 2350 nunc
1296 2329 1389 2350 mora
1405 2320 1427 2350 f.

91 2367 173 2407 (om.
193 2371 287 2398 vota*
311 2366 341 2396 T
785 2364 884 2395 XCII
909 2364 985 2395 hah.
1010 2364 1044 2394 T.
1091 2363 1173 2394 Post
1188 2363 1305 2394 XCIII
1322 2364 1357 2394 in
1374 2363 1429 2393 ΒΑ

92 2411 246 2451 (propter
255 2409 508 2441 similitudinem
524 2409 825 2450 Engratnnzalzcttz
846 2407 936 2448 XCI,
956 2406 1072 2439 XCIII
1088 2409 1115 2448 Ζ)
1267 2417 1286 2447 3
1310 2417 1426 2447 quarn-

90 2464 190 2493 quam
213 2454 244 2485 T
327 2454 459 2484 futurus
478 2453 526 2484 CA
546 2458 625 2494 (pro
641 2456 726 2494 -ros)
