1648 2729
759 168 1228 207 EPIGRAMMATON
1262 169 1365 205 LIB.
1397 169 1433 205 X

100 276 279 326 interque
308 290 446 315 raucos
477 276 638 315 ultimus
668 283 866 326 rogatores

99 349 183 380 oret
212 341 373 380 caninas
403 341 515 393 panis
544 341 701 392 inprobi
732 342 888 380 buccas.
1418 360 1435 390 5

99 406 152 445 illi
184 407 408 446 December
436 409 576 457 longus
606 414 645 445 et
674 408 840 446 madens
870 407 1010 445 bruma

99 473 310 522 elususque
339 472 466 511 fornix
495 472 602 511 triste
631 471 749 522 frigus
780 473 989 511 extendat:

100 546 214 576 vocet
243 538 380 576 beatos
411 537 666 588 clamitetque
695 537 828 576 felices

99 602 314 642 Orciniana
342 603 410 653 qui
440 604 616 641 feruntur
644 602 684 641 in
715 603 880 652 sponda.

99 671 152 706 At
181 682 273 707 cum
303 682 510 718 supremae
539 669 604 706 fila
632 667 810 707 venerint
840 669 960 706 horae
1402 684 1439 704 10

99 733 263 783 diesque
292 735 438 780 tardus,
469 733 611 772 sentiat
640 747 784 772 canum
814 732 922 771 litem

98 798 310 849 abigatque
340 806 449 837 moto
480 798 615 837 noxias
644 812 735 837 aves
765 811 910 848 panno.

100 865 186 903 Nec
215 863 401 902 finiantur
430 871 556 902 morte
587 863 774 913 supplicis
805 876 969 913 poenae,

99 930 169 968 sed
198 930 321 968 modo
351 929 473 968 severi
504 937 634 967 sectus
665 928 787 967 Aeaci
818 927 920 974 loris,

98 1008 205 1033 nunc
233 994 399 1045 inquieti
429 1002 565 1033 monte
594 993 750 1043 Sisyphi
779 1006 946 1043 pressus,
1400 1009 1438 1039 15

98 1073 204 1098 nunc
233 1059 334 1098 inter
362 1061 490 1098 undas
519 1059 659 1109 garruli
689 1059 793 1097 senis
824 1058 950 1096 siccus

99 1127 268 1164 delasset
297 1125 426 1164 omnis
457 1125 609 1163 fabulas
638 1132 869 1174 poetarum:

99 1199 136 1229 et
166 1204 257 1230 curn
286 1190 397 1229 fateri
428 1190 544 1229 Furia
573 1189 727 1228 iusserit
755 1202 902 1236 verum,

99 1257 292 1307 prodente
322 1257 465 1295 clamet
494 1254 737 1294 conscientia
770 1254 959 1305 ‘Scripsi'

629 1339 688 1376 VI

100 1403 261 1451 Felices,
293 1403 437 1454 quibus
467 1417 565 1442 urna
593 1403 704 1442 dedit
733 1410 910 1453 spectare
940 1414 1147 1440 coruscum

152 1469 301 1508 solibus
331 1469 487 1508 Arctois
517 1469 791 1519 sideribusque
820 1470 975 1507 ducem.

99 1536 262 1585 quando
292 1534 363 1573 erit
392 1535 457 1573 ille
487 1534 571 1573 dies
603 1548 682 1584 quo
714 1547 877 1583 campus
908 1541 946 1571 et
975 1533 1091 1571 arbor
1121 1539 1158 1571 et
1188 1532 1318 1570 omnis

152 1600 300 1639 lucebit
331 1600 444 1639 Latia
473 1602 578 1639 culta
606 1602 777 1639 fenestra
806 1600 939 1637 nuru?

99 1667 261 1716 quando
291 1680 424 1705 morae
453 1668 589 1705 dulces
619 1667 840 1716 longusque
869 1678 893 1703 a
923 1665 1091 1704 Caesare
1121 1663 1247 1714 pulvis
1420 1679 1436 1710 5

152 1738 314 1782 totaque
345 1731 538 1770 Flaminia
568 1733 700 1769 Roma
728 1731 902 1769 videnda
930 1729 1024 1768 via?

99 1798 261 1847 quando
290 1810 412 1846 eques
442 1804 481 1835 et
510 1796 605 1847 picti
635 1796 770 1835 tunica
800 1794 978 1834 Nilotide
1010 1794 1141 1832 Mauri

153 1862 259 1901 ibitis
289 1870 328 1901 et
358 1862 496 1913 populi
525 1876 601 1901 vox
631 1861 702 1900 erit
732 1875 812 1900 una
843 1860 1046 1899 ‘Venit'?

608 1951 690 1987 VII

209 2022 484 2071 Nympharum
514 2028 625 2070 pater
653 2019 923 2068 amniumque,
957 2019 1111 2064 Rhene,

207 2083 449 2133 quicumque
479 2082 667 2133 Odrysias
697 2082 840 2120 bibunt
868 2080 1040 2131 pruinas,

207 2147 262 2186 sic
292 2161 447 2198 semper
475 2147 636 2198 liquidis
665 2146 802 2185 fruaris
832 2145 950 2184 undis

145 2262 164 2290 4
188 2251 325 2282 ultimos
348 2251 378 2281 T
499 2258 518 2289 5
542 2251 663 2281 canina
678 2250 732 2280 BA
812 2250 914 2280 bacas
937 2249 967 2279 T
981 2249 1088 2290 (apro
1104 2248 1139 2282 ul
1273 2258 1290 2287 7
1317 2247 1439 2279 fornex

100 2294 188 2325 codd.
350 2306 370 2334 9
396 2294 580 2325 Orciniana
599 2294 659 2332 CA,
677 2295 752 2324 item
772 2298 809 2324 ut
823 2293 887 2324 vid.
903 2292 960 2323 BA
978 2292 1069 2333 (-ini-
1084 2291 1161 2332 ΡΩ)
1252 2291 1286 2321 in
1303 2302 1368 2323 om.
1392 2291 1439 2323 CA

104 2339 250 2379 (sponda
262 2344 324 2379 pro
341 2339 495 2378 isponda,
512 2339 532 2370 i.
545 2349 568 2369 e.
584 2338 616 2368 in
635 2340 677 2375 s.)
767 2348 779 2368 1
790 2349 801 2368 1
822 2347 927 2368 canus
940 2335 995 2366 ΒΑ
1010 2336 1095 2377 (-nis
1109 2336 1153 2375 Q)
1241 2336 1280 2364 16
1300 2335 1377 2365 seni
1392 2334 1441 2366 CA

144 2382 191 2412 VI
215 2382 287 2414 hab.
314 2382 343 2412 T
452 2392 466 2413 1
493 2393 561 2413 una
582 2381 754 2422 T(etforl.
775 2380 852 2422 ΛΑ)
871 2380 920 2411 CA
1038 2390 1057 2417 4
1081 2379 1184 2410 latiae
1196 2378 1307 2409 AACA
1419 2389 1439 2418 5

102 2436 196 2457 mora
217 2425 247 2456 T
309 2427 414 2457 duces
432 2426 479 2457 CA
556 2437 575 2457 a
590 2436 656 2457 om.
677 2425 726 2456 CA
873 2425 894 2454 6
918 2428 989 2455 tota
1007 2423 1068 2465 (E)
1087 2423 1136 2454 vel
1150 2426 1287 2462 totaque
1305 2422 1371 2463 (X)
1390 2422 1440 2454 CA

144 2469 209 2501 VII
237 2479 251 2501 1
278 2470 498 2510 omniumque
517 2469 566 2501 CA
1293 2509 1352 2540 Γ*

1312 2520 1332 2541 ο
