1648 2729
174 120 231 159 M.
264 121 387 159 VAL.
420 120 734 158 MARTIALIS

175 233 297 272 mixto
326 235 509 283 lagonam
539 234 661 283 replet
690 233 741 271 ad
770 233 893 282 pedes
922 231 1025 270 vino.

176 301 290 338 Haec
320 312 388 349 per
416 300 608 338 ducentas
637 312 729 337 cum
758 299 924 337 domum
955 298 1042 336 tulit
1071 299 1194 335 scalas

174 379 296 415 seque
325 365 506 403 obserata
535 363 650 402 clusit
678 363 816 402 anxius
845 365 944 402 cella

174 432 334 481 gulosus
364 429 438 477 ille,
471 437 628 480 postero
658 428 722 468 die
751 428 896 467 vendit.

685 504 784 540 XXI

178 571 292 608 Haec
322 577 380 608 est
409 568 474 606 illa
502 568 597 615 dies,
631 567 761 618 magni
791 581 892 618 quae
921 567 1080 606 conscia
1108 574 1241 617 partus

232 636 438 673 Lucanum
468 632 626 684 populis
655 640 693 671 et
723 632 804 679 tibi,
837 633 959 679 Polla,
991 632 1112 671 dedit.

178 702 281 739 heu!
321 701 428 738 Nero
458 698 627 737 crudelis
657 700 844 748 nullaque
873 697 1034 736 invisior
1062 698 1212 744 umbra,

231 764 370 804 debuit
400 766 477 803 hoc
507 765 647 803 saltem
678 777 758 802 non
790 763 947 802 licuisse
977 763 1059 802 tibi.

676 841 799 878 XXII

179 906 289 945 Vatis
319 905 519 956 Apollinei
550 918 695 955 magno
725 904 991 943 memorabilis
1021 912 1108 943 ortu

233 974 298 1009 lux
326 970 450 1010 redit:
490 970 696 1009 Aonidum
727 970 850 1017 turba,
883 971 1010 1009 favete
1040 969 1168 1008 sacris.

181 1039 277 1075 haec
308 1036 459 1083 meruit,
492 1049 582 1074 cum
613 1043 651 1073 te
681 1035 801 1082 terris,
834 1037 1006 1082 Lucane,
1039 1035 1224 1081 dedisset,

235 1102 376 1140 mixtus
407 1100 602 1141 Castaliae
634 1100 764 1139 Baetis
794 1108 837 1138 ut
866 1108 969 1139 esset
997 1114 1134 1151 aquae.

664 1178 811 1214 XXIII

182 1244 354 1291 Phoebe,
386 1242 486 1289 veni,
518 1243 588 1281 sed
619 1249 789 1291 quantus
819 1255 903 1280 eras
932 1255 1023 1280 cum
1053 1243 1157 1281 bella
1186 1241 1339 1280 tonanti

234 1309 317 1359 ipse
347 1310 459 1347 dares
490 1307 626 1346 Latiae
656 1308 803 1357 plectra
833 1308 1010 1345 secunda
1038 1308 1152 1357 lyrae.

183 1374 292 1424 Quid
321 1381 430 1412 tanta
458 1386 529 1423 pro
559 1373 647 1411 luce
676 1374 840 1422 precer?
895 1373 970 1419 Tu,
1004 1373 1125 1420 Polla,
1157 1371 1339 1410 maritum

237 1452 354 1489 saepe
383 1439 489 1477 colas
519 1445 557 1475 et
587 1450 628 1475 se
657 1436 800 1475 sentiat
830 1436 893 1475 ille
922 1436 1010 1475 coli.

684 1515 801 1551 XXV

187 1581 328 1620 Dulcia
357 1593 448 1618 cum
477 1586 630 1617 tantum
661 1578 807 1616 scribas
837 1577 1119 1628 epigrammata
1148 1591 1303 1628 semper

238 1654 276 1685 et
305 1652 502 1684 cerussata
531 1643 761 1682 candidiora
790 1650 892 1690 cute,

185 1713 371 1761 nullaque
402 1709 503 1748 mica
532 1709 622 1747 salis
652 1722 725 1747 nec
754 1707 876 1747 amari
904 1707 1003 1746 fellis
1033 1707 1073 1745 in
1103 1707 1177 1746 illis

239 1784 348 1828 gutta
377 1775 435 1822 sit,
467 1789 491 1813 o
521 1776 697 1821 demens,
729 1774 786 1812 vis
816 1781 948 1812 tamen
978 1773 1043 1810 illa
1072 1773 1173 1823 legi!

187 1855 259 1881 nec
289 1841 401 1880 cibus
430 1840 513 1890 ipse
542 1839 649 1877 iuvat
677 1852 810 1877 morsu
839 1839 1040 1877 fraudatus
1068 1837 1180 1885 aceti,

242 1920 315 1945 nec
343 1913 451 1956 grata
480 1912 538 1943 est
567 1903 685 1942 facies
715 1903 779 1942 cui
807 1901 1002 1954 gelasinus
1031 1903 1154 1941 abest.

188 1971 326 2010 infanti
357 1970 553 2009 melimela
581 1970 676 2008 dato
704 1970 911 2018 fatuasque
940 1967 1148 2006 mariscas:

244 2050 334 2075 nam
366 2035 471 2083 mihi,
504 2048 606 2085 quae
635 2034 743 2073 novit
774 2047 957 2084 pungere,
991 2032 1092 2073 Chia
1120 2032 1230 2083 sapit.

234 2151 277 2171 20
301 2141 400 2171 domo
419 2139 467 2170 CA
601 2148 639 2168 21
660 2138 837 2169 obsecrata
855 2137 904 2168 CA

235 2184 318 2215 XXI
343 2183 415 2214 hab.
437 2182 470 2213 R
563 2191 574 2211 t
601 2192 687 2221 quae
705 2182 817 2221 magni
835 2180 946 2212 AACA
961 2192 967 2210 :
992 2180 1106 2220 magni
1123 2191 1208 2221 quae
1225 2180 1278 2210 ΒΑ

235 2228 338 2258 ΧΧΙΙ
364 2238 439 2257 cum
458 2225 541 2256 XXI
560 2225 650 2264 confl.
669 2225 718 2256 CA
809 2236 821 2256 1
851 2230 945 2255 ortus
960 2224 1008 2254 CA

1470 307 1509 334 20

236 2271 357 2302 XXIII
383 2281 459 2301 cnm
473 2269 575 2300 XXII
593 2269 685 2308 confl.
703 2268 758 2298 BA
916 2278 928 2298 1
957 2277 1066 2298 uenus
1082 2271 1116 2297 et
1135 2266 1185 2298 CA
1298 2267 1432 2298 canenti
1448 2266 1522 2297 BA:

193 2315 323 2346 tonanti
343 2313 393 2345 CA
479 2323 499 2352 3
524 2323 645 2352 precor
661 2316 698 2342 ut
711 2311 774 2344 vid.
793 2311 866 2342 BA:
894 2322 1014 2352 precer
1031 2309 1081 2342 CA

238 2358 335 2388 XXV
358 2358 430 2388 lzab.
456 2356 486 2387 T
534 2367 553 2386 2
577 2356 772 2386 candidiore
791 2355 838 2386 CA
973 2367 992 2394 4
1016 2359 1128 2395 guttas
1145 2364 1164 2385 o
1182 2354 1230 2385 CA

196 2413 211 2441 7
238 2402 314 2433 data
337 2401 452 2432 Tame
468 2411 546 2432 corr.
567 2412 574 2431 τ
599 2400 642 2430 da
658 2400 711 2430 BA

1373 2355 1395 2385 6
1418 2363 1455 2385 es
1473 2353 1522 2384 CA
