1648 2729
197 156 253 193 Μ.
286 156 408 193 VAL.
442 156 665 193 MARTIA
673 155 756 193 LIS

196 274 301 305 recta
331 267 460 315 Fides,
492 266 624 306 hilaris
656 267 888 314 Clementia,
921 275 1037 307 cauta
1066 270 1244 307 Potestas

250 331 328 370 iam
358 333 525 371 redeunt
539 346 550 380 3
583 332 690 383 longi
719 340 827 383 terga
856 333 1002 372 dedere
1033 335 1179 372 Metus.

196 398 273 436 hoc
302 397 440 448 populi
468 406 686 448 gentesque
716 406 818 446 tuae,
850 398 915 449 pia
945 400 1086 446 Roma,
1119 405 1354 448 precantur:
1518 414 1534 446 5

250 464 330 501 dux
359 462 431 501 tibi
459 463 508 501 sit
537 476 693 514 semper
722 463 820 511 talis,
853 471 891 502 et
920 463 992 502 iste
1022 463 1101 502 diu.

199 529 333 567 Macte
361 528 494 575 animi,
527 542 646 578 quem
675 542 782 567 rarus
811 530 949 577 habes,
978 542 1215 579 morumque
1243 535 1416 576 tuorum,

250 606 351 643 quos
381 594 525 641 Numa,
557 607 657 643 quos
687 594 818 633 hilaris
847 594 971 644 possit
1000 595 1146 633 habere
1176 595 1288 634 Cato.

197 658 334 708 largiri,
365 667 573 709 praestare,
606 659 744 698 breves
775 660 986 698 extendere
1017 672 1159 697 census

251 732 290 762 et
319 725 412 763 dare
442 738 543 774 quae
571 724 704 763 faciles
734 724 797 762 vix
825 724 995 763 tribuere
1025 724 1100 771 dei,
1498 740 1537 763 10

198 803 304 828 nunc
332 789 424 828 licet
454 798 491 828 et
521 791 578 828 fas
608 797 677 828 est.
737 791 816 829 Sed
845 797 887 828 tu
917 790 992 828 sub
1021 789 1198 840 principe
1227 791 1328 829 duro

252 855 576 905 temporibusque
607 854 719 894 malis
747 869 866 894 ausus
896 869 937 894 es
967 868 1052 894 esse
1082 856 1222 894 bonus.

716 965 800 1001 VII

306 1046 412 1083 Toto
440 1044 585 1084 vertice
614 1052 711 1095 quot
740 1045 837 1096 gerit
866 1045 1029 1095 capillos

306 1123 433 1149 annos
463 1110 494 1148 si
523 1117 582 1148 tot
610 1111 731 1149 habet
761 1110 909 1161 Ligeia,
939 1110 1053 1149 trima
1083 1118 1151 1149 est.

701 1219 809 1256 VIII

307 1301 516 1338 Terrarum
547 1301 622 1339 dea
650 1300 909 1350 gentiumque
940 1302 1081 1349 Roma,

307 1365 371 1404 cui
399 1379 469 1416 par
498 1373 557 1404 est
586 1365 683 1403 nihil
714 1374 752 1404 et
781 1365 878 1404 nihil
908 1367 1142 1413 secundum,

307 1430 466 1469 Traiani
496 1432 618 1470 modo
648 1433 749 1469 laeta
778 1445 869 1470 cum
898 1432 1050 1470 futuros

307 1504 365 1534 tot
394 1510 463 1546 per
492 1498 649 1534 saecula
677 1504 911 1547 conputaret
940 1510 1077 1543 annos,

307 1569 345 1599 et
374 1563 516 1599 fortem
545 1561 810 1611 iuvenemque
841 1561 1112 1612 Martiumque
1519 1577 1536 1609 5

307 1626 347 1664 in
377 1634 487 1664 tanto
517 1627 619 1665 duce
649 1626 814 1665 militem
843 1626 1003 1673 videret,

309 1691 404 1730 dixit
433 1691 613 1741 praeside
641 1691 811 1741 gloriosa
840 1691 930 1730 tali:

311 1757 568 1794 ‘Parthorum
598 1769 778 1806 proceres
809 1757 1011 1807 ducesque
1041 1758 1190 1804 Serum,

308 1823 493 1867 Thraces,
526 1822 792 1869 Sauromatae,
825 1823 961 1869 Getae,
994 1821 1182 1868 Britanni,

308 1899 470 1936 possum
500 1887 709 1926 ostendere
740 1888 949 1926 Caesarem
964 1902 974 1936 3
1012 1886 1167 1926 venite.'
1500 1903 1538 1925 10

730 1999 789 2036 IX

203 2083 337 2120 Palma
366 2082 463 2132 regit
492 2090 661 2130 nostros,
691 2082 897 2121 mitissime
929 2084 1083 2129 Caesar,
1118 2083 1304 2130 Hiberos,

254 2155 293 2186 et
321 2147 479 2198 placido
509 2147 646 2186 fruitur
676 2150 757 2186 Pax
785 2148 989 2198 peregrina
1017 2148 1118 2198 iugo.

244 2251 289 2282 VI
318 2262 335 2291 7
361 2252 466 2283 habes
482 2251 559 2282 BA:
582 2252 684 2282 habet
710 2251 759 2282 CA
864 2252 884 2282 8
908 2257 1026 2292 posset
1050 2251 1124 2285 Ital.
1233 2262 1268 2283 11
1295 2253 1386 2283 hunc
1412 2252 1462 2284 CA
1485 2253 1535 2292 (H

197 2302 259 2336 pro
278 2296 324 2334 N)
410 2306 447 2326 12
471 2306 508 2326 es
525 2306 590 2326 om.
614 2295 662 2326 CA
682 2297 763 2335 (non
781 2294 836 2335 X)
999 2296 1063 2326 V11
1089 2296 1162 2328 hab.
1186 2296 1220 2328 T.
1266 2295 1349 2326 Post
1364 2296 1414 2327 III
1432 2297 1466 2326 in
1483 2296 1538 2327 ΒΑ

206 2350 218 2370 1
245 2340 330 2370 Tota
353 2338 382 2369 T
488 2350 507 2368 2
532 2339 610 2378 ligia
632 2339 677 2369 T:
703 2339 813 2378 legeia
830 2339 907 2369 BA:
931 2339 1019 2378 ligea
1038 2339 1088 2369 CA
1287 2340 1370 2370 VIII
1395 2349 1415 2380 5
1440 2341 1536 2371 mar-i-

202 2388 339 2422 tumque
355 2382 410 2412 BA
499 2384 520 2413 6
544 2384 662 2413 ducem
680 2382 781 2424 (EA)
798 2383 848 2413 vel
861 2384 946 2413 duce
966 2382 1090 2423 (370²
1333 2383 1382 2414 IX
1410 2393 1423 2413 1
1449 2384 1537 2423 gerit

203 2427 251 2457 CA
270 2428 350 2467 (non
368 2426 414 2466 E)
