1648 2729
756 187 1225 227 EPIGRAMMATON
1258 191 1362 229 LIB.
1394 193 1431 228 X

96 301 288 345 temperat
317 297 415 335 haec
445 298 628 345 thermas,
660 297 804 337 nimios
833 299 938 349 prior
967 301 1063 339 hora
1092 315 1256 352 vapores

151 361 266 408 halat,
299 369 338 400 et
367 361 571 401 inmodico
601 371 709 402 sexta
738 365 899 404 Nerone
929 367 1040 404 calet.

95 426 225 473 Stella,
258 428 408 477 Nepos,
441 428 553 475 Cani,
586 429 760 476 Cerialis,
794 431 945 478 Flacce,
977 431 1147 470 venitis?
1413 451 1428 481 5

148 499 300 542 septem
331 492 455 542 sigma
483 493 598 544 capit,
631 507 697 532 sex
727 508 873 543 sumus,
906 497 1010 535 adde
1041 498 1210 548 Lupum.

93 565 368 596 exoneraturas
397 566 573 598 ventrem
604 559 700 598 mihi
729 560 843 599 vilica
873 564 1020 601 malvas

146 623 289 662 adtulit
318 631 356 662 et
385 624 509 662 varias
540 638 637 675 quas
667 626 788 664 habet
818 627 952 665 hortus
983 642 1090 678 opes.

93 687 132 725 in
162 687 306 738 quibus
337 697 395 727 est
424 691 578 729 lactuca
606 692 749 729 sedens
779 700 818 731 et
848 693 990 731 tonsile
1019 707 1194 744 porrum,

145 767 219 792 nec
249 755 336 793 dest
365 755 549 794 ructatrix
579 758 742 795 mentha
771 771 845 796 nec
875 759 997 797 herba
1027 760 1132 798 salax
1146 774 1157 807 3
1393 777 1428 799 ιο

90 826 196 857 secta
225 821 474 859 coronabunt
503 829 651 860 rutatos
681 836 755 861 ova
783 824 949 862 lacertos

142 891 180 922 et
210 885 416 924 madidum
447 887 585 936 thynni
615 889 665 927 de
695 890 775 927 sale
804 902 942 928 sumen
973 889 1054 928 erit.

90 951 239 989 Gustus
268 951 308 989 in
338 952 426 1000 his3
464 966 544 991 una
572 962 741 1003 ponetur
770 956 911 993 cenula
941 969 1087 1001 mensa,

141 1017 293 1055 haedus
323 1017 530 1056 inhumani
559 1026 692 1069 raptus
721 1019 772 1058 ab
802 1033 869 1058 ore
898 1020 993 1070 lupi,

87 1088 125 1119 et
154 1095 256 1131 quae
284 1096 365 1121 non
395 1091 536 1133 egeant
564 1085 665 1122 ferro
694 1085 895 1123 structoris
925 1087 1064 1124 ofellae
1388 1104 1423 1135 15

139 1154 178 1185 et
206 1147 297 1185 faba
325 1148 525 1186 fabrorum
554 1150 849 1200 prototomique
878 1152 995 1189 rudes
1010 1166 1020 1199 ;

86 1213 216 1262 pullus
244 1215 296 1252 ad
326 1215 423 1252 haec
454 1214 641 1264 cenisque
671 1215 794 1253 tribus
824 1215 900 1254 iam
932 1230 1054 1267 perna
1083 1225 1278 1267 superstes

137 1279 317 1317 addetur.
376 1279 523 1318 Saturis
553 1280 663 1319 mitia
690 1294 811 1330 poma
840 1281 956 1329 dabo,

83 1344 134 1382 de
164 1345 420 1383 Nomentana
446 1344 583 1384 vinum
612 1345 697 1384 sine
725 1347 835 1385 faece
864 1348 1018 1397 lagona,

138 1422 240 1459 quae
269 1409 330 1449 bis
361 1410 552 1449 Frontino
581 1413 745 1450 consule
773 1411 900 1462 prima
928 1413 1010 1451 fuit.
1383 1431 1423 1452 20

84 1476 276 1514 accedent
304 1475 390 1514 sine
419 1477 508 1515 felle
537 1476 613 1515 ioci
644 1491 718 1516 nec
748 1492 864 1516 mane
894 1478 1071 1517 timenda

136 1539 295 1579 libertas
325 1548 364 1580 et
392 1540 447 1579 nil
476 1543 585 1591 quod
615 1541 784 1581 tacuisse
812 1542 934 1582 velis:

18 1638 22 1642 .
82 1596 133 1644 de
162 1605 320 1656 prasino
349 1606 515 1645 conviva
544 1621 655 1646 meus
685 1616 908 1658 venetoque
936 1610 1132 1659 loquatur,

137 1684 210 1709 nec
238 1671 388 1710 faciunt
417 1685 660 1723 quemquam
690 1675 833 1723 pocula
862 1681 995 1712 nostra
1024 1688 1145 1713 reum.

581 1757 719 1794 XLIX

190 1821 294 1860 Cum
323 1828 437 1871 potes
465 1821 751 1871 amethystinos
781 1821 941 1861 trientes

188 1893 226 1924 et
255 1885 367 1936 nigro
396 1887 557 1925 madeas
587 1886 814 1937 Opimiano,

187 1951 373 2001 propinas
403 1952 526 1990 modo
555 1951 761 1990 conditum
792 1952 984 1990 Sabinum

124 2061 144 2089 3
169 2050 290 2081 nimios
309 2075 316 2082 .
336 2074 343 2082 .
360 2074 367 2081 .
388 2061 537 2090 uapores
559 2051 615 2081 BA
633 2062 640 2081 :
686 2051 790 2081 nimio
809 2075 816 2082 .
839 2075 846 2082 .
865 2076 872 2083 .
893 2062 1021 2091 uapore
1048 2051 1098 2082 CA
1229 2063 1248 2089 4
1273 2052 1340 2084 alat
1361 2054 1418 2084 ΒΑ

82 2103 102 2133 5
127 2094 235 2125 Stella
250 2094 434 2134 nicepealis
447 2096 478 2126 ss.
494 2095 543 2125 CA
633 2095 654 2124 6
677 2095 773 2134 signa
789 2094 839 2126 CA
929 2106 946 2135 7
971 2095 1234 2136 exoneraturas]
1249 2102 1417 2128 exonerat

82 2138 132 2168 CA
250 2149 271 2178 9
295 2144 347 2169 est
365 2149 430 2170 om.
456 2139 486 2169 T
594 2148 632 2169 10
649 2143 684 2169 et
698 2139 929 2179 destupratrix
947 2140 1049 2180 (pa-⁸)
1068 2150 1109 2170 m.
1129 2144 1163 2170 et
1175 2139 1224 2170 CA
1301 2146 1416 2172 menta

80 2181 171 2212 codd.
278 2192 313 2212 11
340 2187 490 2213 ructatos
513 2182 561 2213 T:
586 2187 736 2213 roctatos
752 2182 792 2220 L,
813 2188 942 2214 roi-atos
957 2182 997 2220 P,
1018 2188 1159 2217 rssssatos
1176 2183 1216 2223 Q,
1234 2185 1426 2224 rutaceosf

83 2235 122 2264 13
147 2225 350 2257 Gustus-Af&
369 2238 376 2257 z
399 2226 525 2258 Gastus
538 2226 594 2256 BA
612 2227 648 2266 (a
657 2231 718 2266 pro
729 2229 767 2266 u)
784 2239 790 2257 :
815 2226 945 2257 Paruus
964 2226 1013 2257 CA
1120 2237 1158 2265 14
1183 2228 1266 2257 haec
1285 2228 1346 2259 dos
1367 2229 1416 2259 CA

83 2279 122 2308 15
147 2270 247 2300 osella
270 2269 319 2300 CA
441 2280 477 2309 17
503 2271 599 2300 frena
617 2269 666 2300 CA
686 2270 784 2310 (fpro
801 2272 836 2309 p)
962 2280 1000 2309 19
1023 2271 1135 2301 uirum
1158 2270 1187 2301 T
1248 2271 1317 2301 fine
1333 2272 1415 2304 AA:

79 2312 175 2344 faece
194 2313 272 2354 (se-)
285 2313 394 2344 BACA
482 2324 524 2344 20
549 2314 650 2344 trima
662 2313 821 2344 Heinsius
908 2324 946 2344 21
972 2315 1136 2344 accedunt
1147 2314 1207 2344 ΑΑ
1222 2325 1229 2345 :
1252 2316 1416 2347 accedent

81 2355 195 2398 (PQf)
212 2357 262 2387 vel
274 2358 439 2388 accedant
452 2356 511 2397 (L)
529 2357 605 2387 BA:
629 2358 792 2388 accedent
811 2357 860 2387 CA
993 2367 1033 2395 23
1059 2358 1101 2388 de
1119 2358 1258 2397 prasino
1271 2360 1416 2391 conuiua

80 2404 174 2431 meus
198 2406 392 2440 uenetoque
413 2401 433 2432 1.
455 2401 539 2432 AA:
571 2401 614 2432 de
635 2412 666 2441 p.
689 2406 855 2441 scutoque
877 2401 1096 2441 <Scorpoque
1121 2400 1294 2441 Gruterus)
1320 2413 1416 2434 meus

80 2444 226 2475 conuiua
245 2445 267 2475 1.
290 2445 368 2475 BA:
392 2446 435 2475 de
451 2445 587 2485 prasino
607 2445 749 2476 conuiua
771 2455 866 2476 meus
887 2445 1062 2485 scipioque
1079 2448 1161 2485 (pro
1177 2445 1375 2487 Scorpoque
1387 2449 1412 2488 ἔ)

82 2487 104 2518 l.
123 2488 174 2519 CA
262 2487 381 2528 loquar
402 2489 433 2519 T
559 2499 600 2527 24
624 2488 751 2520 faciunt
767 2488 903 2520 AACA:
926 2489 1049 2520 facient
1066 2489 1122 2519 ΒΑ

126 2541 233 2563 MART.
251 2541 303 2563 ει).
322 2541 370 2564 sc.
387 2542 442 2563 ED.
1286 2535 1326 2565 16
