1648 2729
743 121 1212 161 EPIGRAMMATON
1243 123 1346 160 LIB.
1379 124 1414 159 V

606 233 673 271 III

81 299 231 337 Accola
260 297 337 336 iam
367 304 523 336 nostrae
555 297 686 347 Degis,
720 297 968 344 Germanice,
999 297 1115 348 ripae,

135 377 158 402 a
186 363 342 402 famulis
373 362 500 401 Histri
529 362 596 412 qui
626 362 697 401 tibi
726 362 833 401 venit
861 363 985 413 aquis,

81 431 206 468 laetus
235 436 274 468 et
302 428 492 467 attonitus
522 427 606 466 viso
636 429 758 467 modo
788 428 968 478 praeside
998 429 1148 476 mundi,

134 495 290 533 adfatus
320 493 484 532 comites
514 492 657 531 dicitur
686 507 771 532 esse
800 507 916 532 suos:

83 561 200 599 ‘Sors
230 573 318 598 mea
348 572 467 609 quarn
497 558 622 597 fratris
653 558 802 606 melior,
834 559 896 597 cui
927 566 1007 598 tarn
1038 573 1161 610 prope
1190 561 1247 598 fas
1278 567 1336 598 est
1399 577 1415 608 5

135 638 304 672 cernere,
337 632 417 663 tam
447 626 564 674 longe
594 638 713 675 quern
744 624 838 663 colit
867 624 932 664 ille
961 627 1107 664 deum)

612 703 672 740 IV

82 770 220 807 Fetere
249 769 375 806 multo
406 769 575 817 Myrtale
605 769 704 806 solet
733 767 835 815 vino,

82 834 152 872 sed
181 834 289 871 fallat
318 840 361 871 ut
390 846 474 879 nos,
506 832 600 871 folia
629 834 792 871 devorat
822 832 919 871 lauri

82 911 315 948 merumque
344 905 459 936 cauta
487 899 638 945 fronde,
671 911 752 936 non
782 912 886 948 aqua
915 897 1063 937 miscet.

84 966 203 1003 Hanc
233 972 274 1002 tu
304 964 512 1002 rubentem
542 962 860 1012 prominentibus
890 963 1000 1002 venis

82 1029 265 1080 quotiens
295 1028 437 1075 venire,
472 1030 604 1075 Paule,
635 1027 778 1066 videris
808 1036 955 1075 contra,
1401 1047 1419 1078 5

82 1095 190 1134 dicas
219 1094 353 1133 licebit
385 1095 577 1144 ‘Myrtale
606 1093 707 1132 bibit
736 1095 914 1132 laurum)

622 1173 660 1208 V

83 1246 210 1290 Sexte,
242 1242 443 1281 Palatinae
473 1243 600 1281 cultor
628 1243 799 1280 facunde
831 1241 1048 1289 Minervae,

136 1307 296 1359 ingenio
325 1307 461 1346 frueris
491 1307 559 1358 qui
588 1307 771 1358 propiore
801 1307 920 1346 dei—

84 1388 176 1413 nam
206 1373 276 1413 tibi
307 1381 514 1412 nascentes
544 1372 697 1411 domini
727 1386 967 1424 cognoscere
997 1386 1109 1412 curas

137 1448 176 1479 et
205 1447 354 1478 secreta
383 1438 495 1478 ducis
524 1431 685 1489 pectora
713 1452 831 1477 nosse
859 1439 1028 1477 licet—z

85 1505 133 1544 sit
162 1507 272 1544 locus
302 1513 340 1544 et
370 1505 512 1544 nostris
541 1504 673 1555 aliqua
702 1504 773 1543 tibi
802 1512 911 1555 parte
941 1504 1093 1552 libellis,
1405 1522 1422 1553 5

138 1585 217 1622 qua
247 1572 369 1618 Pedo,
401 1584 479 1621 qua
509 1572 665 1609 Marsus
695 1584 854 1620 quaque
884 1571 1063 1610 Catullus
1093 1570 1175 1609 erit.

84 1639 135 1676 ad
166 1636 381 1687 Capitolini
411 1636 595 1675 caelestia
623 1635 798 1675 carmina
827 1636 920 1675 belli

138 1703 286 1752 grande
316 1701 540 1740 cothurnati
569 1715 674 1752 pone
705 1700 885 1740 Maronis
915 1714 1026 1751 opus.

612 1780 672 1817 VI

194 1850 235 1889 Si
264 1863 345 1888 non
375 1857 433 1888 est
461 1863 577 1899 grave
605 1862 680 1887 nec
708 1848 826 1887 nimis
855 1850 1079 1895 molestum,

197 1918 351 1963 Musae,
384 1914 641 1954 Parthenium
671 1922 805 1964 rogate
834 1922 1031 1953 vestrum:

196 1981 251 2019 sic
281 1988 319 2019 te
348 1981 470 2019 serior
498 1988 537 2019 et
568 1981 683 2019 beata
712 1981 917 2030 quondam

196 2049 304 2086 salvo
334 2048 503 2087 Caesare
532 2046 642 2085 finiat
672 2054 854 2085 senectus

196 2120 235 2151 et
263 2112 315 2151 sis
344 2113 493 2151 invidia
519 2114 675 2151 favente
703 2112 804 2159 felix,
1406 2130 1422 2161 5

197 2178 253 2217 sic
284 2180 430 2217 Burrus
459 2178 538 2230 cito
568 2177 710 2217 sentiat
738 2184 966 2228 parentem:

135 2282 183 2312 III
213 2293 226 2313 1
254 2282 374 2321 Diegis
392 2282 431 2323 (3)
452 2281 572 2313 Gilbert
587 2282 763 2322 (disyllab.)
898 2282 919 2311 6
942 2281 1061 2322 quem]
1079 2291 1178 2321 quam
1195 2281 1250 2312 ΒΑ

136 2326 182 2356 IV
210 2336 222 2355 1
250 2327 394 2365 myrtale
411 2326 465 2356 ΒΑ
480 2337 487 2356 :
511 2326 642 2357 tuccius
659 2326 707 2357 CA
725 2325 797 2366 (sed
809 2336 837 2356 v.
859 2327 880 2355 6
897 2324 1055 2364 myrtale)

134 2370 164 2400 V
187 2380 207 2400 2
231 2370 335 2401 fueris
353 2373 390 2400 ut
405 2369 468 2401 vid.
485 2370 539 2400 ΒΑ
673 2379 693 2409 5
717 2369 829 2411 locus]
847 2369 942 2400 solus
960 2368 1008 2400 CA
1143 2379 1160 2408 7
1185 2369 1227 2400 ad
1245 2379 1309 2400 om.
1333 2368 1381 2400 CA

136 2413 180 2444 VI
206 2422 225 2452 5
249 2413 380 2445 fatente
397 2413 557 2445 Heinsius
