1648 2729
752 155 1224 195 EPIGRAMMATON
1257 157 1361 195 LIB.
1395 158 1435 196 11

102 279 193 315 grex
223 273 312 304 tuus
343 265 466 304 Iliaco
495 273 648 316 poterat
678 273 825 304 certare
854 266 1046 305 cinaedo:

156 338 196 368 at
225 329 321 368 mihi
350 330 540 369 succurrit
568 344 639 381 pro
670 332 903 381 Ganymede
933 345 1087 370 manus.

103 409 148 434 ex
178 395 322 446 opibus
350 395 468 434 tantis
496 395 617 434 veteri
646 397 808 446 fidoque
836 396 963 435 sodali
1402 414 1439 444 15

157 462 228 500 das
258 460 354 499 nihil
384 469 423 500 et
452 460 562 509 dicis,
595 461 789 509 Candide,
822 465 925 501 κοινὰ
944 463 1098 512 φίλωνΡ

600 551 738 587 XLIV

214 618 304 657 Emi
333 633 403 658 seu
433 633 598 670 puerum
628 627 811 670 togamve
840 634 981 671 pexam

212 698 281 723 seu
311 692 398 733 tres,
431 693 473 724 ut
502 693 607 735 puta,
640 693 874 736 quattuorve
904 686 1032 734 libras,

213 751 352 789 Sextus
382 750 560 801 protinus
590 750 654 789 ille
684 752 888 799 fenerator,

214 829 332 866 quem
363 815 487 855 nostis
516 823 689 855 veterem
720 830 853 855 meum
884 818 1073 865 sodalem,

214 894 264 920 ne
294 880 390 931 quid
420 883 519 920 forte
548 889 680 932 petam
711 881 822 920 timet
852 891 1055 933 cavetque,
1427 898 1444 928 5

214 953 253 985 et
282 960 428 993 secum,
461 948 532 985 sed
562 954 604 985 ut
633 947 804 994 audiam,
837 955 1036 986 susurrat:

217 1013 400 1062 ‘Septem
431 1011 538 1050 milia
566 1012 697 1051 debeo
727 1014 927 1061 Secundo,

216 1077 381 1115 Phoebo
412 1084 611 1127 quattuor,
640 1077 828 1116 undecim
860 1077 1027 1126 Phileto,

215 1150 253 1181 et
282 1144 479 1192 quadrans
510 1142 607 1180 mihi
636 1144 766 1181 nullus
796 1150 854 1181 est
883 1143 923 1181 in
952 1145 1065 1182 arca?

215 1206 252 1244 O
280 1206 429 1256 grande
457 1205 660 1256 ingenium
690 1205 769 1245 mei
797 1206 966 1245 sodalis!
1411 1222 1449 1244 ro

216 1269 359 1306 durum
389 1276 458 1316 est,
491 1270 618 1316 Sexte,
650 1282 802 1319 negare,
835 1283 926 1307 cum
956 1268 1113 1319 rogaris,

216 1340 366 1382 quanto
395 1333 542 1382 durius,
573 1341 787 1384 antequam
817 1334 986 1384 rogeris!

596 1422 732 1459 XLVI

110 1490 268 1530 Florida
297 1505 366 1542 per
395 1491 522 1530 varios
552 1499 594 1530 ut
624 1491 796 1542 pingitur
827 1492 963 1542 Hybla
992 1493 1156 1539 colores,

164 1570 254 1595 cum
285 1557 402 1596 breve
432 1556 612 1596 Sicaniae
641 1571 708 1596 ver
736 1559 977 1607 populantur
1004 1571 1110 1607 apes,

110 1619 165 1658 sic
194 1627 262 1658 tua
291 1619 505 1670 subpositis
535 1621 749 1658 conlucent
777 1621 886 1670 prela
914 1619 1091 1668 lacernis,

164 1684 220 1723 sic
249 1685 368 1723 micat
398 1684 614 1724 innumeris
643 1687 776 1724 arcula
805 1685 1069 1735 synthesibus,

110 1759 229 1801 atque
258 1765 379 1789 unam
409 1750 550 1790 vestire
579 1751 725 1790 tribum
756 1760 823 1790 tua
852 1751 1024 1790 candida
1053 1758 1232 1801 possunt,
1435 1768 1452 1797 5

165 1818 297 1867 Apula
327 1830 408 1855 non
438 1830 520 1855 uno
550 1831 652 1868 quae
681 1831 796 1867 grege
826 1825 927 1855 terra
955 1817 1055 1856 tulit.

115 1890 154 1920 tu
184 1890 338 1932 spectas
368 1882 541 1921 hiemem
573 1882 765 1921 succincti
794 1884 924 1921 lentus
953 1881 1072 1920 amici

166 1961 238 1997 pro
267 1949 418 1986 scelus!
458 1956 496 1986 et
526 1948 656 1986 lateris
685 1948 826 1998 frigora
855 1947 944 1986 trita
972 1947 1099 1986 times.

115 2015 320 2062 Quantum
351 2021 443 2061 erat,
475 2013 620 2061 infelix,
652 2013 794 2063 pannis
823 2014 1005 2051 fraudare
1035 2013 1250 2051 duobus—

168 2078 265 2128 quid
293 2078 424 2117 renuis
440 2081 594 2118 ?-—non
624 2087 673 2127 te,
706 2080 894 2126 Naevole,
926 2080 996 2118 sed
1025 2078 1183 2117 tineas?
1416 2095 1455 2117 10

158 2175 272 2206 XLIV
294 2186 314 2206 2
339 2176 393 2207 uel
409 2176 466 2206 ΒΑ
482 2176 564 2217 (pro
581 2178 656 2219 ut3)
673 2188 680 2208 ι
703 2181 739 2208 ut
759 2176 809 2208 CA
942 2177 964 2206 6
985 2176 1046 2207 sed
1064 2176 1117 2217 ut]
1137 2175 1224 2206 sicut
1243 2175 1292 2206 CA
1414 2185 1450 2207 11

116 2220 246 2259 rogeris
262 2219 318 2249 ΒΑ
333 2231 340 2250 :
364 2221 493 2260 rogaris
504 2221 561 2251 ‘CA

159 2263 270 2295 XLVI
294 2274 344 2295 vv.
368 2274 439 2303 1-4,
461 2274 546 2302 7—10
562 2263 638 2295 lzab.
663 2264 693 2295 T
876 2274 896 2303 3
921 2263 1100 2294 conlucent
1116 2262 1253 2294 AACA:
1278 2262 1455 2302 perlucent

118 2306 305 2347 <PQf)vel
316 2308 514 2348 praelucent
525 2307 583 2349 (L)
595 2308 651 2338 ΒΑ
664 2309 738 2348 (seq.
755 2308 845 2348 pre-3
893 2306 1004 2347 prela]
1024 2312 1121 2346 prata
1141 2307 1190 2338 CA
1264 2308 1284 2337 8
1302 2306 1388 2338 later
1409 2306 1456 2338 T:

116 2349 214 2381 lateri
230 2350 305 2382 Ital.
397 2351 418 2382 f.
442 2355 514 2382 tuta
530 2353 631 2383 times
645 2352 721 2383 Ital.
741 2364 748 2382 :
775 2351 797 2383 f.
819 2356 859 2382 tr.
880 2350 927 2381 tui
943 2350 1174 2381 Friedlaender
1335 2361 1356 2390 9
1382 2355 1455 2381 erat

116 2394 238 2469 (ἕλιξ-ἶ
333 2405 372 2425 10
395 2395 477 2434 quid
495 2395 590 2436 (KG)
608 2396 659 2427 vel
671 2396 761 2435 quod
780 2395 938 2436 (EABC)
958 2394 1007 2425 CA
1094 2393 1218 2425 metuis
1234 2394 1294 2425 ΑΛ
1309 2405 1316 2425 :
1340 2394 1455 2425 renuis

1327 2481 1367 2512 4*
