1648 2729
731 133 1204 173 EPIGRAMMATON
1234 134 1339 171 LIB.
1371 133 1478 171 VIII

142 246 315 286 scribant
343 246 416 285 ista
444 259 580 297 graves
609 244 776 285 nimium
806 245 1054 297 nimiumque
1083 246 1217 293 severi,

196 325 297 363 quos
327 311 459 351 media
489 311 651 350 miseros
681 319 799 350 nocte
829 313 990 351 lucerna
1018 311 1135 351 videt.

141 384 180 415 at
209 383 251 416 tu
283 378 469 415 Romano
498 376 652 427 lepidos
682 378 762 415 sale
791 376 897 427 tinge
926 376 1108 415 libellos:

194 444 412 494 adgnoscat
441 456 569 482 mores
599 443 677 482 vita
706 444 888 493 legatque
917 456 1020 481 suos.
1444 459 1483 481 20

141 516 307 559 angusta
336 515 494 547 cantare
523 507 614 547 licet
643 507 811 546 videaris
840 521 975 555 avena,

195 574 291 612 dum
323 581 390 612 tua
419 575 634 612 multorum
664 572 795 612 vincat
823 586 949 612 avena
978 573 1117 611 tubas.'

675 721 735 758 IV

142 803 338 851 Quantus,
369 801 419 849 io,
452 800 586 840 Latias
617 801 757 840 mundi
786 809 1005 840 concentus
1034 803 1086 841 ad
1115 815 1199 841 aras

194 866 358 917 suscipit
387 874 425 905 et
454 866 570 905 solvit
598 879 669 916 pro
699 868 802 905 duce
830 874 922 905 vota
951 869 1049 906 suo!

141 946 223 971 non
252 939 345 971 sunt
374 933 472 971 haec
502 931 723 979 hominum,
756 931 1003 980 Germanice,
1034 932 1179 982 gaudia
1208 939 1376 980 tantum,

195 998 265 1036 sed
295 997 444 1036 faciunt
473 996 547 1048 ipsi
578 1011 695 1045 nunc,
728 1005 835 1048 puto,
868 1011 977 1036 saera
1006 998 1082 1037 dei.

671 1146 730 1184 VI

141 1227 376 1278 Archetypis
405 1226 527 1266 vetuli
556 1226 654 1265 nihil
683 1235 742 1266 est
771 1227 948 1266 odiosius
978 1227 1097 1267 Aucti

193 1293 341 1331 -ficta
370 1292 589 1342 Saguntino
619 1292 776 1342 cymbia
806 1294 910 1331 malo
940 1294 1078 1332 luto—
1094 1308 1104 1341 3

140 1357 290 1408 argenti
318 1357 465 1396 furiosa
494 1357 554 1396 sui
584 1371 675 1396 curn
706 1366 915 1397 stemmata
943 1366 1072 1397 narrat

193 1425 368 1474 garrulus
397 1431 436 1462 et
464 1423 593 1462 verbis
623 1423 782 1463 mucida
810 1423 901 1462 vina
929 1424 1044 1463 facit:

143 1493 151 1509 ‘
168 1490 493 1528 Laomedonteae
522 1490 676 1528 fuerant
705 1490 804 1528 haec
832 1490 976 1539 pocula
1005 1503 1188 1528 mensae:
1465 1507 1481 1537 5

194 1556 309 1593 ferret
338 1561 381 1593 ut
410 1555 508 1593 haec
537 1568 671 1593 muros
700 1554 837 1593 struxit
865 1556 1013 1605 Apollo
1039 1556 1129 1605 lyra.

141 1621 217 1658 hoc
247 1627 394 1658 cratere
423 1620 531 1658 ferox
560 1619 759 1658 commisit
787 1619 935 1670 proelia
965 1621 1147 1658 Rhoetus

195 1698 286 1724 curn
317 1685 522 1736 Lapithis:
562 1699 696 1736 pugna
725 1685 858 1725 debile
887 1685 1014 1725 cernis
1044 1699 1155 1736 opus.

142 1750 183 1788 hi
212 1751 295 1789 duo
324 1751 519 1801 longaevo
548 1758 761 1789 censentur
790 1752 961 1790 Nestore
990 1750 1129 1790 fundi:

194 1816 338 1867 pollice
368 1818 418 1856 de
449 1816 560 1867 Pylio
589 1816 678 1855 trita
706 1817 893 1855 columba
922 1816 1030 1855 nitet.
1446 1833 1484 1855 10

202 1934 239 1963 17
265 1924 348 1966 ista]
367 1929 459 1956 stant
477 1925 529 1955 ΒΑ
612 1925 754 1955 nimium
773 1936 841 1957 om.
854 1925 908 1955 ΒΑ
1017 1935 1057 1964 19
1079 1935 1236 1956 romanos
1253 1925 1387 1964 lepidos
1399 1925 1458 1955 AA
1474 1938 1480 1957 ς

141 1979 280 2000 romano
296 1968 429 2008 lepidos
444 1969 499 1999 ΒΑ
517 1980 524 1999 :
548 1979 688 1999 romano
713 1968 845 2008 lepidos
871 1968 937 2009 (X)
956 1968 1007 1999 vel
1024 1979 1168 1999 romano
1184 1968 1298 2008 lepido
1317 1968 1414 2009 (EA)
1433 1968 1481 2000 CA

142 2015 315 2054 (romanos
331 2013 446 2052 lepido
465 2012 506 2053 G>
589 2013 708 2051 tingue
724 2012 773 2043 CA
871 2022 910 2042 21
936 2017 1121 2052 angustare
1138 2023 1165 2043 c.
1184 2012 1242 2043 BA
1339 2022 1380 2042 22
1406 2023 1480 2043 cum

141 2056 221 2088 AA:
247 2057 326 2088 dum
342 2056 451 2087 BACA
512 2056 610 2087 tubas
626 2056 741 2086 AABA
762 2068 769 2087 z
793 2056 906 2087 tubam
924 2055 973 2087 CA
1107 2056 1155 2087 1V
1182 2066 1196 2086 1
1219 2061 1408 2087 concentos
1425 2056 1480 2086 ΒΑ

141 2104 179 2130 ut
195 2100 259 2131 vid.
275 2100 515 2139 <concentusf,
533 2104 723 2131 concentos
737 2098 779 2140 L,
799 2105 979 2130 contentos
995 2099 1029 2130 P
1040 2111 1081 2130 ex
1095 2110 1187 2138 corn,
1203 2104 1394 2131 comtentus
1413 2100 1457 2139 Q)
1474 2112 1481 2130 :

142 2148 332 2175 conuentus
350 2143 400 2174 CA
471 2144 605 2174 iadaras
623 2144 687 2185 (P)
706 2144 756 2175 vel
769 2144 903 2174 ladaras
920 2142 982 2183 (L)
996 2143 1054 2174 BA
1171 2153 1191 2182 3
1216 2153 1295 2174 nam
1312 2154 1380 2174 non
1397 2144 1481 2174 haec

141 2188 197 2218 BA
222 2187 317 2227 (nam
336 2193 400 2228 pro
421 2190 456 2227 fi,
486 2188 506 2218 ι’.
518 2198 542 2218 e.
563 2198 642 2224 non,
663 2188 820 2228 scriptum
845 2198 901 2218 nec
921 2187 1061 2218 deletum
1073 2186 1097 2227 2)
1114 2198 1120 2217 z
1145 2197 1215 2217 non
1233 2191 1312 2217 sunt
1329 2187 1413 2218 haec
1432 2187 1480 2218 CA

185 2231 233 2262 VI
257 2242 307 2263 vv.
327 2241 404 2270 3-4,
424 2232 498 2270 7-8;
520 2240 625 2261 11-12
649 2231 722 2262 hab.
748 2230 778 2261 T
864 2240 877 2260 1
905 2235 957 2262 est
973 2231 1157 2261 studiosius
1176 2230 1224 2261 CA
1297 2231 1387 2262 eucti
1403 2230 1480 2261 BA:

143 2274 202 2305 illo
220 2274 268 2305 CA
287 2275 404 2315 (gloss.
422 2274 458 2304 in
473 2274 571 2313 αὐτῷ,
586 2275 606 2306 i.
617 2286 640 2306 e.
655 2275 766 2306 Aucto
779 2274 803 2314 ἓ)
824 2274 873 2316 (in
890 2274 1043 2305 lemmate
1058 2284 1103 2305 m:
1119 2284 1200 2305 Av·r1
1218 2283 1382 2304 CRATERA
1398 2274 1458 2304 ΑΑ
1475 2287 1481 2304 ;

144 2328 187 2348 m:
203 2328 304 2349 AVCTI
322 2328 485 2349 CRATERA
503 2318 567 2358 CA)
680 2329 699 2348 2
724 2319 825 2349 mallo
844 2317 894 2349 CA
1007 2328 1027 2357 3
1053 2319 1183 2349 fumosa
1199 2317 1335 2359 Lipsius
1407 2317 1476 2359 sui]

144 2362 195 2392 cui
215 2361 263 2393 CA
361 2371 380 2401 5
405 2363 645 2393 laomedontea
664 2361 714 2393 CA
813 2372 830 2402 7
855 2362 1031 2393 hacratere
1051 2362 1081 2393 T
1144 2361 1318 2403 Rhoetus]
1338 2361 1480 2392 chrocos

145 2407 218 2447 (cru,
237 2404 305 2446 -us)
323 2405 378 2437 BA
396 2406 471 2448 (pro
490 2406 686 2447 Rhoecosz)
824 2416 846 2446 9
870 2405 926 2436 hic
942 2405 996 2436 ΒΑ
1132 2415 1172 2436 10
1196 2405 1377 2446 columpna
1393 2405 1448 2436 BA
