1648 2729
760 116 1230 156 EPIGRAMMATON
1263 118 1366 155 LIB.
1399 118 1435 153 V

99 240 186 265 rura
216 227 419 266 Cleonaeo
448 240 667 277 numquam
697 233 886 266 temerata
914 229 1030 267 leone

153 299 192 330 et
221 293 364 330 domus
393 291 536 331 Aeolio
566 305 721 343 semper
749 292 876 331 amica
905 295 1015 332 Noto

99 364 147 403 te,
182 356 380 404 Faustine,
411 364 577 396 vocant:
617 359 753 408 longas
783 357 843 396 his
873 358 982 408 exige
1013 371 1159 397 messes

152 421 344 470 collibus3
383 422 595 461 hibernum
626 422 704 460 iam
735 422 806 461 tibi
835 423 962 462 Tibur
991 423 1072 462 erit.

583 541 743 577 LXXII

99 619 179 670 Qui
209 619 337 670 potuit
368 620 515 659 Bacchi
545 628 710 659 matrem
740 620 884 660 dixisse
914 623 1151 668 Tonantem,

151 685 216 724 ille
245 692 375 736 potest
405 687 588 724 Semelen
619 686 760 733 dicere,
796 688 912 734 Rufe,
943 694 1106 737 patrem.

566 803 749 840 LXXIII

206 885 300 922 Non
330 885 477 922 donem
508 883 579 921 tibi
609 896 678 921 cur
707 897 817 922 meos
848 883 1001 922 libellos

205 948 331 987 oranti
361 948 504 987 totiens
535 955 572 986 et
602 948 771 998 exigenti

206 1013 364 1061 miraris,
397 1015 640 1052 Theodore?
699 1015 846 1064 Magna
876 1027 994 1052 causa
1024 1021 1108 1052 est:

204 1080 329 1117 dones
359 1086 400 1117 tu
431 1078 528 1117 mihi
557 1092 607 1117 ne
638 1086 725 1117 tuos
755 1079 920 1117 libellos.

570 1200 745 1236 LXXIV

96 1280 309 1332 Pompeios
338 1281 500 1319 iuvenes
530 1280 625 1319 Asia
653 1288 772 1331 atque
804 1282 972 1331 Europa,
1006 1281 1076 1319 sed
1105 1280 1234 1332 ipsum

149 1354 250 1385 terra
278 1346 372 1397 tegit
403 1346 560 1396 Libyes,
590 1345 621 1384 si
651 1353 783 1384 tamen
813 1347 892 1384 ulla
921 1346 1026 1396 tegit.

96 1411 192 1461 quid
223 1411 364 1450 mirum
395 1418 479 1449 toto
508 1411 540 1449 si
570 1410 761 1462 spargitur
790 1412 917 1450 orbe?
974 1413 1109 1450 Iacere

150 1491 231 1516 uno
260 1491 341 1516 non
371 1484 523 1527 poterat
552 1484 660 1515 tanta
690 1476 801 1514 ruina
830 1477 931 1515 loco.

566 1599 740 1636 LXXVI

97 1680 267 1720 Profecit
296 1688 391 1731 poto
423 1680 674 1720 Mithridates
704 1694 822 1731 saepe
851 1694 1005 1720 veneno

150 1746 279 1785 toxica
307 1760 357 1784 ne
386 1754 549 1796 possent
578 1759 694 1785 saeva
723 1760 866 1785 nocere
896 1745 980 1785 sibi.

97 1819 137 1850 tu
167 1825 328 1861 quoque
357 1811 494 1850 cavisti
523 1812 705 1850 cenando
734 1818 815 1849 tarn
845 1813 948 1850 male
977 1825 1132 1862 semper

150 1890 199 1915 ne
229 1890 364 1927 posses
395 1890 596 1927 umquam,
629 1876 770 1924 Cinna,
802 1876 927 1927 perire
955 1877 1069 1915 fame.

560 2006 759 2044 LXXVII

97 2091 284 2128 Narratur
314 2089 416 2127 belle
446 2087 609 2138 quidam
639 2087 792 2135 dixisse,
828 2088 1006 2133 Marulle,

150 2155 218 2206 qui
247 2162 286 2194 te
314 2156 412 2194 ferre
441 2156 574 2193 oleum
604 2153 701 2193 dixit
730 2153 770 2192 in
799 2153 984 2192 auricula.

140 2270 159 2299 5
183 2260 293 2290 fauste
308 2259 364 2289 BA
453 2258 508 2289 hic
526 2258 574 2289 CA

141 2303 291 2334 LXXIV
312 2302 386 2334 hab.
409 2302 469 2334 TR
599 2311 619 2332 2
644 2312 674 2332 u.
694 2301 787 2341 uegit
805 2301 853 2332 CA
986 2311 1006 2339 4
1031 2300 1126 2330 ruina
1142 2304 1235 2331 tanta
1252 2299 1307 2330 BA

141 2346 288 2378 LXXVI
312 2347 387 2377 hab.
412 2346 472 2377 TR
602 2356 615 2376 1
643 2345 774 2385 proficit
790 2345 850 2374 ΑΑ
939 2348 1012 2374 toto
1026 2344 1132 2374 BACA
1258 2353 1278 2375 2
1302 2345 1433 2384 possint

96 2390 210 2421 ΑΑΒΑ
226 2402 233 2422 z
250 2395 390 2430 possent
402 2390 450 2421 CA
584 2400 604 2428 4
629 2390 740 2429 possis
750 2389 810 2419 ΑΑ
825 2399 832 2419 :
849 2397 970 2428 posses
981 2387 1087 2418 ΒᾹΕΑ
