1648 2729
768 149 1241 189 EPIGRAMMATON
1273 151 1378 189 LIB.
1412 152 1453 189 Il

117 271 236 307 quem
266 271 357 308 grex
387 265 542 308 togatus
572 257 749 308 sequitur
777 266 816 297 et
845 259 1052 309 capillatus
1436 278 1453 310 5

116 336 333 373 recensque
362 325 457 361 sella
486 323 696 373 linteisque
725 324 909 374 lorisque,

117 387 389 438 oppigneravit
419 389 542 427 modo
572 390 694 427 modo
723 390 775 427 ad
806 389 921 428 Cladi
952 403 1130 428 mensam

118 452 179 490 vix
209 460 301 491 octo
332 453 505 492 nummis
535 455 711 501 anulum,
743 455 850 492 unde
880 463 1049 493 cenaret.

606 549 748 586 LVIII

123 619 292 656 Pexatus
323 619 487 668 pulchre
517 617 620 656 rides
651 632 750 666 mea,
782 618 900 666 Zoile‚
934 619 1033 658 trita.

173 684 272 721 Sunt
302 684 400 721 haec
430 683 518 722 trita
548 683 723 733 quidem,
755 684 875 732 Zoile‚
908 686 978 723 sed
1010 698 1097 723 mea
1127 692 1228 724 sunt.

634 779 731 815 LIX

123 846 230 886 Mica
260 861 402 886 vocor:
443 848 538 898 quid
569 847 642 886 sim
673 848 811 897 cernis,
844 849 1000 887 cenatio
1030 863 1174 899 parva:

173 926 220 951 ex
249 927 313 951 me
343 914 581 952 Caesareum
612 913 804 963 prospicis
834 928 927 952 ecce
958 915 1123 952 tholum.

119 979 251 1028 frange
281 986 398 1025 toros,
430 986 520 1028 pete
549 978 651 1026 vina,
683 992 790 1017 rosas
821 993 930 1029 cape,
962 978 1139 1030 tinguere
1170 981 1321 1019 nardo:

173 1043 256 1094 ipse
286 1043 395 1082 iubet
425 1044 561 1082 mortis
592 1052 629 1083 te
660 1044 888 1083 meminisse
918 1046 1028 1084 deus.

618 1139 753 1176 LXIV

124 1210 230 1246 Dum
263 1209 384 1246 modo
415 1208 672 1256 causidicum,
704 1210 801 1247 dum
832 1217 869 1248 te
900 1210 1022 1247 modo
1053 1210 1208 1247 rhetora
1239 1208 1351 1259 fingis

175 1282 213 1312 et
242 1287 322 1312 non
353 1274 544 1321 decernis,
578 1277 716 1322 Laure,
749 1274 845 1324 quid
875 1288 961 1313 esse
990 1275 1096 1322 velis,

123 1341 262 1377 Peleos
292 1348 329 1378 et
361 1339 504 1378 Priami
535 1341 672 1378 transit
697 1348 735 1378 et
765 1340 946 1378 Nestoris
975 1348 1082 1378 aetas

176 1413 213 1443 et
242 1406 367 1443 fuerat
396 1419 526 1443 serum
556 1405 634 1443 iam
665 1404 736 1443 tibi
765 1404 955 1443 desinere.

123 1470 262 1520 incipe,
296 1478 371 1509 tres
402 1484 482 1508 uno
514 1470 712 1520 perierunt
742 1471 916 1508 rhetores
947 1483 1064 1517 anno,
1444 1488 1460 1517 5

176 1535 207 1573 si
237 1535 334 1586 quid
363 1536 485 1574 habes
514 1535 646 1582 animi,
680 1535 711 1573 si
741 1535 837 1585 quid
867 1535 907 1573 in
936 1543 1018 1574 arte
1047 1537 1163 1573 vales.

123 1600 152 1638 si
184 1602 320 1639 schola
349 1602 568 1648 damnatur,
601 1602 684 1639 fora
713 1600 846 1639 litibus
876 1600 1010 1639 omnia
1040 1602 1201 1647 fervent,

177 1666 260 1716 ipse
290 1673 420 1716 potest
449 1666 532 1704 fieri
564 1668 725 1704 Marsua
754 1665 989 1704 causidicus.

124 1731 212 1770 heia
240 1745 322 1781 age,
354 1745 493 1782 rumpe
523 1745 676 1770 moras:
716 1745 796 1782 quo
826 1739 864 1770 te
895 1731 1141 1782 sperabimus
1175 1732 1331 1782 usque?

178 1798 271 1834 dum
304 1797 400 1847 quid
430 1797 481 1835 sis
511 1797 682 1844 dubitas,
714 1796 791 1835 iam
821 1804 934 1847 potes
963 1810 1050 1835 esse
1081 1795 1189 1834 nihil.
1424 1812 1462 1834 10

628 1892 741 1928 LXV

125 1963 205 2001 Cur
235 1961 442 2000 tristiorem
474 1960 671 2000 cernimus
702 1960 957 2000 Saleianum?

129 2029 214 2065 ‘An
244 2041 363 2065 causa
392 2027 487 2065 levis
519 2028 628 2065 est?'
657 2025 799 2076 inquis,
836 2025 978 2064 ‘extuli
1011 2027 1197 2065 uxorem.⁷

126 2094 162 2131 O
191 2094 339 2143 grande
368 2092 435 2130 fati
465 2092 641 2131 crimen!
681 2105 705 2130 o
734 2105 892 2142 gravem
922 2094 1086 2130 casum!

171 2208 186 2236 7
212 2196 310 2227 Cladi
326 2195 539 2227 Salmasius:
563 2195 654 2235 gladi
670 2195 747 2226 BA:
770 2195 881 2226 claudi
899 2195 948 2225 CA
1184 2194 1294 2225 LVIII
1320 2195 1393 2226 hab.
1420 2194 1448 2224 T

171 2240 284 2271 LXIV
306 2241 379 2271 hab.
406 2240 436 2270 T
548 2250 561 2270 1
591 2240 678 2270 Dum
695 2244 729 2270 te
746 2249 774 2270 c.
793 2239 828 2269 D
895 2243 964 2269 tum
983 2243 1016 2268 te
1038 2238 1068 2268 T
1184 2248 1204 2268 2
1229 2237 1314 2278 non]
1334 2240 1411 2268 dum
1430 2238 1464 2268 D

126 2283 221 2314 laure
237 2284 351 2314 AACA
366 2295 373 2316 :
400 2289 496 2315 taure
511 2283 567 2314 BA
618 2283 698 2323 quid
716 2282 853 2313 ΑΑΒΑε
879 2282 954 2321 quis
974 2282 1023 2312 CA
1107 2293 1127 2320 4
1151 2282 1312 2312 deserere
1328 2281 1363 2311 D
1447 2293 1463 2321 7

128 2328 266 2358 Discola
289 2327 319 2357 T
401 2329 421 2358 8
438 2332 536 2366 potes
558 2327 587 2357 T
599 2327 732 2367 (etsort.
750 2326 826 2357 AAn
842 2337 850 2357 t
882 2330 994 2365 potest
1011 2325 1117 2356 BACA
1214 2335 1235 2364 9
1251 2326 1464 2365 sperauimus

126 2371 238 2401 AACA
256 2371 336 2411 (pro
352 2371 489 2411 -bimus)
627 2381 666 2401 10
687 2370 767 2409 quid
784 2369 922 2401 AABA:
943 2369 1020 2408 quis
1039 2369 1087 2400 CA

173 2415 267 2445 LXV
291 2426 310 2445 2
334 2415 445 2454 inquis
462 2414 567 2445 extuli
586 2414 658 2447 BA:
684 2414 803 2445 extulit
820 2413 927 2453 inquit
947 2413 995 2445 CA
1012 2414 1094 2454 (pro
1110 2411 1230 2453 extuli,
1247 2412 1355 2452 inquit
1367 2414 1397 2452 ‘?)
