1648 2729
730 137 1200 177 EPIGRAMMATON
1232 139 1336 176 LIB.
1370 139 1428 175 IX

95 245 270 285 ‘Gnosia
298 259 367 284 vos
384 247 392 263 '
420 245 549 296 inquit
580 245 718 284 ‘nobis
747 253 1007 284 monumenta
1035 245 1223 284 dedistis:

148 311 296 350 cernite
325 324 443 361 quarn
474 313 562 362 plus
591 310 640 349 sit
670 310 849 351 Caesaris
878 324 964 350 esse
992 313 1169 361 patrem.⁷

577 412 734 448 XXXV

94 481 255 521 Artibus
285 481 345 521 his
374 495 530 532 semper
558 495 710 529 cenam,
744 481 985 529 Philomuse,
1020 481 1189 529 mereris,

146 547 315 599 plurima
343 549 439 587 dum
470 546 595 598 fingis,
626 548 697 586 sed
727 546 839 597 quasi
867 560 958 585 vera
987 548 1115 586 refers.

93 612 168 652 scis
198 613 295 664 quid
324 613 364 652 in
393 613 556 652 Arsacia
586 615 759 651 Pacorus
788 612 981 651 deliberet
1010 614 1110 660 aula,

147 679 386 717 Rhenanam
416 692 599 717 numeras
629 677 966 728 Sarmaticamque
996 691 1170 724 manum,

92 744 212 783 verba
240 744 353 783 ducis
384 744 485 783 Daci
514 743 658 783 chartis
688 744 876 781 mandata
905 743 1089 793 resignas,
1411 761 1428 792 5

146 809 347 848 victricem
376 811 529 850 laurum
559 823 678 860 quarn
708 808 815 847 venit
843 816 935 846 ante
964 808 1085 855 vides,

93 874 169 914 scis
198 875 383 925 quotiens
414 875 557 913 Phario
587 875 745 913 madeat
775 876 872 912 Iove
901 875 1011 912 fusca
1040 875 1179 923 Syene,

146 940 222 979 scis
251 948 373 991 quota
402 941 452 979 de
483 940 633 990 Libyco
662 939 774 978 litore
803 938 947 989 puppis
977 947 1050 986 eat,

92 1005 204 1045 cuius
235 1007 370 1045 Iuleae
399 1005 517 1056 capiti
546 1013 758 1044 nascantur
787 1004 923 1051 olivae,

145 1071 317 1110 destinet
345 1071 542 1110 aetherius
571 1070 634 1109 cui
664 1083 735 1108 sua
763 1077 865 1108 serta
893 1076 1013 1119 pater.
1392 1086 1431 1108 10

92 1138 207 1176 Tolle
236 1144 322 1175 tuas
351 1144 452 1175 artes
467 1151 477 1185 3
515 1135 636 1175 hodie
665 1134 826 1174 cenabis
855 1136 962 1185 apud
992 1148 1056 1172 me

146 1203 221 1241 hae
249 1203 346 1252 lege,
378 1209 421 1241 ut
450 1215 581 1240 narres
610 1200 676 1248 nil,
709 1200 949 1247 Philomuse,
981 1199 1084 1238 novi.

549 1305 775 1342 XXXVIII

91 1378 255 1416 Summa
283 1377 375 1415 licet
402 1377 527 1423 velox,
558 1374 768 1426 Agaffiine,
799 1373 973 1425 pericula
1001 1374 1125 1420 ludas,

145 1456 226 1481 non
255 1450 389 1481 tamen
419 1440 564 1480 efficies
593 1449 636 1479 ut
665 1439 737 1479 tibi
766 1453 902 1490 parma
931 1440 1056 1477 cadat.

91 1509 293 1547 nolentem
323 1506 499 1557 sequitur
527 1506 736 1556 tenuisque
766 1518 918 1544 reversa
946 1518 1016 1554 per
1043 1517 1156 1542 auras

143 1575 206 1613 vel
234 1575 337 1624 pede
366 1574 428 1611 vel
457 1580 577 1622 tergo,
609 1571 716 1610 crine
745 1572 806 1609 vel
835 1583 968 1620 ungue
997 1570 1109 1608 sedet
1124 1584 1134 1617 3

90 1639 240 1679 lubrica
270 1638 439 1689 Corycio
469 1637 648 1688 quamvis
678 1636 755 1675 sint
784 1635 936 1686 pulpita
965 1634 1103 1673 nimbo
1411 1650 1427 1682 5

145 1712 182 1744 et
211 1704 364 1755 rapiant
394 1705 539 1742 celeres
568 1703 654 1740 vela
683 1709 825 1751 negata
854 1699 963 1747 Noti,

91 1783 249 1809 securos
278 1768 390 1819 pueri
419 1770 599 1819 neglecta
626 1767 874 1818 perambulat
903 1772 1020 1812 artuS‚

144 1842 183 1874 et
212 1842 330 1874 nocet
359 1833 498 1872 artifici
526 1840 667 1871 ventus
697 1839 735 1870 et
764 1832 873 1870 unda
902 1830 1010 1868 nihil.

62 1950 64 1953 Ι
90 1902 144 1939 Vt
173 1913 336 1951 peccare
366 1898 475 1948 velis,
505 1912 597 1937 cum
626 1897 764 1936 feceris
794 1895 939 1943 omnia,
970 1894 1051 1933 falli

144 1979 226 2004 non
255 1972 392 2016 potes:
430 1971 512 2003 arte
542 1976 642 2014 opus
671 1970 730 2001 est
759 1969 801 2000 ut
830 1960 902 2000 tibi
930 1973 1066 2011 parma
1094 1960 1220 1998 cadat.
1390 1976 1429 1998 10

137 2070 290 2101 XXXIV
314 2071 334 2100 8
357 2069 405 2100 sic
424 2068 519 2110 (EA)
538 2068 587 2099 vel
599 2069 644 2099 sit
663 2067 711 2099 CA

135 2114 271 2145 XXXV
294 2124 343 2145 vv.
375 2114 447 2151 1—8,
478 2123 585 2143 11-12
606 2112 679 2143 hab.
704 2111 734 2141 T
836 2120 850 2140 1
876 2109 1027 2150 semper]
1046 2118 1118 2139 sem
1142 2108 1171 2139 T
1269 2117 1290 2146 3
1305 2106 1428 2138 arsicia

90 2158 147 2190 BA
247 2168 432 2197 paucorum
455 2156 484 2187 T
576 2166 659 2187 aura
681 2155 712 2187 T
872 2165 891 2192 4
918 2153 1031 2184 Rheni
1053 2163 1189 2183 manum
1209 2151 1426 2190 (Rhemum)

90 2212 231 2234 numera
257 2200 308 2232 CA
458 2210 475 2239 7
501 2200 594 2231 uario
619 2198 676 2230 ΒΑ
763 2202 899 2229 maneat
931 2196 961 2227 T
982 2198 1025 2238 (et
1036 2197 1119 2236 Jbrt.
1147 2194 1223 2234 ΑΛ)
1253 2193 1314 2235 CA,
1340 2193 1427 2224 unde

90 2250 204 2277 manet
219 2245 381 2276 Heinsms
505 2249 510 2255 ‘
533 2245 553 2274 8
577 2244 666 2284 quod
686 2242 737 2273 CA
847 2245 920 2272 erat
942 2240 972 2272 T
1130 2250 1152 2279 9
1175 2243 1361 2270 nascuntur
1371 2237 1426 2267 ΒΛ

94 2301 134 2321 10
158 2289 287 2320 detinet
305 2287 356 2319 CA
436 2287 488 2319 sui
503 2286 598 2327 (EA)
613 2287 663 2318 vel
672 2297 734 2318 sua
749 2286 799 2317 CA
872 2289 968 2324 parat
982 2282 1031 2314 CA
1048 2283 1124 2324 (pro
1142 2287 1214 2323 par,
1228 2283 1278 2314 222.
1291 2282 1425 2322 pater2)

94 2343 130 2364 11
155 2343 240 2372 quas
263 2332 293 2363 T
375 2337 467 2363 artes
481 2331 609 2364 AACA:
633 2336 749 2371 partes
765 2329 820 2359 ΒΑ

135 2375 323 2407 XXXVIII
352 2387 364 2406 1
392 2376 509 2406 laudas
527 2374 577 2406 CA
709 2385 728 2412 4
753 2373 847 2404 crine
863 2372 937 2403 BA:
964 2371 1090 2411 pingue
1108 2370 1212 2411 (4352)
1233 2369 1280 2401 CA
1405 2378 1424 2408 5

90 2420 218 2452 lubrico
236 2419 332 2462 (EA)
349 2420 400 2451 vel
414 2429 467 2450 -ca
485 2419 534 2450 CA
665 2417 708 2449 sit
726 2416 776 2448 CA
906 2417 928 2446 6
951 2415 1082 2446 celeres
1101 2425 1166 2446 om.
1186 2413 1235 2445 (Ἃ
