1648 2729
180 136 235 173 M.
269 136 390 173 VAL.
426 136 740 174 MARTIALIS

177 253 349 289 veroque
379 240 505 278 fruere
534 253 615 278 non
645 241 838 291 superbus
867 240 1027 291 gaudio,

231 306 328 343 dum
359 307 456 343 Sura
484 306 666 344 laudatur
695 313 797 344 tuus.
1468 326 1512 356 40

177 383 258 407 non
288 369 526 420 inpudenter
554 369 633 408 vita
662 372 771 420 quod
800 370 962 409 relicum
992 379 1050 410 est
1079 371 1188 422 petit,

231 448 322 473 curn
351 436 456 473 fama
484 437 593 485 quod
623 435 714 474 satis
744 443 802 474 est
831 436 961 475 habet.

719 547 753 584 L

179 615 217 653 Si
248 615 318 653 tibi
351 615 546 664 Mistyllos
576 629 710 664 cocuS‚
739 615 973 663 Aemiliane,
1004 625 1175 664 vocatur,

233 680 386 719 dicatur
414 694 534 730 quare
564 694 644 719 non
675 682 871 719 Taratalla
900 680 1029 720 mihi?

712 785 767 822 LI

181 856 275 892 Non
306 854 398 892 facit
427 855 478 892 ad
509 868 646 893 saevos
676 855 815 902 cervix,
848 854 923 893 nisi
952 853 1089 906 prima,
1121 857 1268 895 leones.

234 919 330 969 quid
359 919 460 969 fugis
490 921 563 958 hos
593 922 744 967 dentes,
776 920 984 960 ambitiose
1013 923 1156 972 lepus?

180 985 328 1023 scilicet
356 998 379 1023 a
409 985 560 1034 magnis
589 987 640 1024 ad
670 994 707 1024 te
737 987 979 1025 descendere
1008 985 1127 1025 tauris

235 1059 272 1089 et
302 1064 403 1100 quae
432 1064 513 1088 non
543 1058 709 1089 cernunt
738 1052 913 1101 frangere
943 1053 1045 1090 colla
1072 1051 1179 1091 velis.

180 1117 427 1166 desperanda
456 1115 527 1153 tibi
556 1124 614 1154 est
644 1115 813 1165 ingentis
841 1116 963 1166 gloria
992 1116 1086 1156 fati:
1497 1135 1513 1166 5

234 1194 314 1218 non
345 1188 457 1230 potes
487 1182 564 1219 hoc
593 1181 722 1220 tenuis
752 1182 897 1232 praeda
926 1182 999 1220 sub
1030 1183 1144 1221 hoste
1174 1182 1284 1222 mori.

694 1294 773 1331 LII

290 1363 544 1401 Commendo
574 1362 656 1409 tibi,
689 1362 917 1412 Quintiane,
950 1372 1161 1403 nostros-

290 1435 443 1466 nostros
473 1428 604 1466 dicere
633 1428 665 1466 si
695 1436 827 1467 tamen
857 1429 1012 1467 libellos

289 1506 463 1542 possum,
496 1507 595 1543 quos
625 1493 761 1532 recitat
790 1501 880 1532 tuus
910 1502 1105 1544 poeta—z

290 1557 320 1594 si
350 1559 400 1595 de
429 1557 585 1596 servitio
614 1558 719 1608 gravi
748 1567 974 1608 queruntur,

288 1624 465 1661 adsertor
492 1623 626 1662 venias
656 1623 829 1674 satisque
859 1632 1044 1674 praesteS‚
1498 1642 1515 1674 5

290 1696 338 1734 et,
371 1701 460 1726 cum
491 1702 533 1726 se
562 1688 771 1727 dominum
800 1689 958 1728 vocabit
987 1690 1064 1737 ille,

289 1752 397 1790 dicas
427 1766 512 1791 esse
542 1767 651 1792 meos
681 1767 882 1804 manuque
912 1754 1064 1793 missos.

290 1819 366 1855 hoc
397 1818 426 1855 si
457 1826 593 1868 terque
623 1827 840 1869 quaterque
869 1819 1090 1867 clamitaris,

291 1882 457 1932 inpones
487 1883 674 1933 plagiario
703 1886 910 1933 pudorem.

686 1993 789 2030 LIII

183 2063 272 2098 Vna
302 2069 359 2099 est
390 2061 429 2098 in
459 2060 600 2099 nostris
630 2070 707 2109 tua,
740 2063 960 2110 Fidentine,
992 2063 1133 2102 libellis

183 2126 336 2176 pagina,
368 2127 437 2164 sed
469 2134 572 2164 certa
601 2127 753 2165 domini
783 2127 933 2177 signata
963 2130 1095 2178 figura,

226 2240 268 2267 ⁴2
292 2240 391 2269 quem
409 2230 464 2260 ΒΑ
490 2230 564 2270 (pro
581 2240 681 2269 quom
694 2232 718 2265 2)

228 2274 254 2303 L
278 2274 351 2304 hab.
378 2273 408 2303 T
534 2284 553 2303 2
579 2274 711 2304 dicetur
727 2273 760 2303 P

229 2317 271 2347 Ll
297 2318 371 2347 lmb.
398 2317 427 2346 T
533 2328 552 2347 2
575 2317 753 2348 ambitiosa
769 2317 850 2347 AA:
873 2319 1052 2351 ambitiose
1070 2320 1178 2350 BACA
1287 2331 1306 2358 4
1331 2319 1416 2350 uelis
1433 2320 1514 2352 AA:

184 2361 289 2391 uelint
308 2361 516 2399 BACA.sort.
535 2365 608 2391 recte
696 2371 715 2399 5
741 2361 816 2392 faeti
840 2361 869 2392 T
1148 2363 1209 2394 LII
1235 2373 1255 2393 2
1277 2364 1304 2394 si
1322 2369 1343 2394 t.
1364 2364 1394 2394 d.
1416 2363 1471 2393 BA

230 2404 308 2434 LllI
333 2415 384 2437 vv.
405 2414 474 2444 hg,
494 2405 580 2435 6212
597 2404 670 2435 lmb.
690 2404 720 2435 T
