1648 2729
717 162 1186 203 EPIGRAMMATON
1217 165 1321 203 LIB.
1355 166 1414 203 IX

81 272 405 311 Germanicarum
435 285 578 322 magna
606 273 672 310 lux
703 274 987 321 Kalendarum,

79 337 248 388 Tarpeia
277 337 421 376 summi
450 351 542 376 saxa
571 338 667 376 dum
696 337 816 387 patris
846 339 1018 386 stabunt,

79 404 176 441 dum
204 416 303 442 voce
331 404 497 453 supplex
524 404 702 453 dumque
731 411 816 442 ture
845 404 1018 454 placabit

80 475 259 507 matrona
287 468 401 507 divae
430 469 546 507 dulce
577 468 701 507 Iuliae
730 482 903 508 numen:

79 533 255 572 manebit
283 535 406 572 altum
437 533 594 573 Flaviae
622 535 745 573 decus
774 535 901 585 gentis

79 613 170 638 cum
199 601 283 638 sole
311 607 350 638 et
378 600 489 638 astris
519 613 690 650 cumque
720 602 808 639 luce
838 602 1033 640 Romana.

79 664 223 704 invicta
252 665 447 716 quidquid
478 665 658 704 condidit
687 679 838 714 manus,
870 667 968 706 caeli
998 675 1066 706 est.
1377 686 1415 708 10

609 793 676 830 III

81 871 286 918 Quantum
316 869 393 907 iam
424 869 585 920 superis,
620 871 774 918 Caesar,
807 872 998 921 caeloque
1028 872 1172 911 dedisti

133 934 165 973 si
193 942 346 985 repetas
377 942 416 973 et
445 934 477 973 si
506 935 676 974 creditor
705 949 791 974 esse
819 935 926 983 velis,

77 1000 235 1050 grandis
264 1000 304 1038 in
333 1000 508 1039 aetherio
537 1000 629 1039 licet
656 1001 788 1039 auctio
817 1002 884 1039 fiat
914 1002 1087 1051 Olympo

131 1073 401 1116 coganturque
430 1065 494 1104 dei
522 1067 694 1105 vendere
723 1065 918 1116 quidquid
947 1067 1108 1115 habent,

78 1130 331 1169 conturbabit
360 1132 500 1170 Atlans
530 1139 569 1170 et
596 1145 679 1170 non
708 1131 779 1170 erit
808 1131 925 1170 uncia
953 1139 1036 1171 tota
1398 1152 1413 1182 5

133 1196 292 1235 decidat
321 1204 452 1235 tecum
483 1210 561 1246 qua
589 1204 700 1247 pater
728 1196 812 1247 ipse
841 1198 989 1235 deum:

79 1275 149 1312 pro
180 1261 414 1312 Capitolinis
445 1261 542 1312 quid
571 1261 677 1300 enirn
707 1261 779 1300 tibi
809 1264 960 1301 solvere
989 1263 1156 1313 templis,

133 1326 230 1377 quid
259 1340 330 1377 pro
359 1327 552 1377 Tarpeiae
581 1327 730 1366 frondis
760 1329 911 1366 honore
939 1330 1102 1377 potest?

79 1392 176 1443 quid
205 1406 276 1443 pro
306 1392 545 1431 culminibus
574 1392 741 1443 geminis
772 1401 951 1432 matrona
980 1394 1208 1433 Tonantis?

134 1459 296 1496 Pallada
325 1465 553 1507 praetereo:
591 1471 651 1497 res
680 1457 759 1508 agit
788 1458 854 1496 illa
883 1466 980 1497 tuas.
1378 1478 1416 1499 10

78 1522 175 1573 quid
203 1525 343 1573 loquar
370 1523 541 1562 Alciden
571 1524 861 1574 Phoebumque
890 1523 1057 1574 piosque
1087 1526 1299 1564 Laconas?

132 1588 269 1627 addita
297 1588 394 1639 quid
425 1588 540 1627 Latio
571 1588 704 1627 Flavia
733 1591 881 1640 templa
909 1591 1033 1640 polo?

80 1656 276 1704 Expectes
306 1661 344 1692 et
373 1653 576 1702 sustineas,
609 1656 798 1704 Auguste,
831 1668 994 1694 necesse
1023 1664 1105 1694 est:

133 1733 224 1758 nam
254 1719 326 1758 tibi
355 1721 464 1770 quod
493 1721 618 1758 solvat
647 1733 729 1759 non
758 1721 879 1760 habet
907 1734 997 1760 arca
1027 1721 1143 1760 Iovis.

538 1843 598 1880 VI
630 1842 750 1894 (VII)

82 1920 224 1960 Dicere
254 1922 304 1960 de
335 1921 492 1971 Libycis
522 1921 655 1960 reduci
687 1922 759 1960 tibi
787 1922 982 1972 gentibus,
1014 1924 1119 1971 Afer,

134 1986 332 2025 continuis
360 1987 467 2025 volui
497 1987 673 2037 quinque
702 1987 843 2026 diebus
873 1990 1017 2027 Have:

84 2053 201 2090 ‘Non
230 2054 365 2091 vacat'
394 2060 462 2091 aut
495 2052 687 2091 ‘dormit'
714 2053 865 2091 dictum
895 2061 954 2092 est
982 2053 1042 2093 bis
1073 2062 1209 2105 terque
1238 2069 1402 2094 reverso.

138 2118 224 2155 Iam
254 2117 347 2155 satis
378 2125 459 2156 est:
499 2131 580 2156 non
610 2117 678 2165 vis,
710 2119 815 2165 Afer,
848 2119 1017 2157 havere:
1056 2120 1152 2157 vale.

128 2222 141 2252 Ι
166 2232 186 2261 5
209 2222 297 2262 patri
328 2221 376 2252 CA
478 2223 507 2260 6,
524 2222 670 2262 placebit
687 2226 724 2252 ut
737 2222 801 2254 vid.
822 2222 871 2254 CA
982 2233 1000 2262 7
1025 2234 1149 2254 numen
1166 2223 1240 2256 Ital.
1261 2236 1267 2255 :
1291 2235 1416 2256 nomen

81 2265 170 2296 codd.
276 2266 296 2295 8
320 2266 432 2304 gentis
449 2277 513 2298 om.
535 2265 586 2297 CA
698 2276 738 2296 10
761 2267 890 2297 caelum
906 2266 985 2298 BA:
1008 2268 1092 2298 caeli
1112 2267 1162 2298 CA

129 2309 178 2340 111
201 2321 221 2349 4
245 2309 349 2340 habet
366 2308 417 2340 CA
559 2311 579 2339 6
604 2310 746 2341 decedat
762 2310 819 2340 ΒΑ
921 2311 1049 2352 tecum]
1069 2315 1174 2342 totum
1195 2310 1244 2342 CA
1263 2312 1314 2352 (cf.
1334 2323 1361 2342 v.
1381 2314 1416 2352 5)

86 2363 123 2384 12
146 2353 240 2384 addit
258 2352 309 2383 CA
444 2363 482 2391 14
499 2363 566 2393 quo
581 2352 676 2393 Duff

129 2396 177 2427 VI
195 2407 215 2436 3
240 2397 364 2428 dictum
385 2397 466 2437 (om.
487 2397 552 2437 est)
573 2397 621 2428 CA
640 2402 721 2438 (plo
739 2398 900 2429 dictumst
910 2398 936 2440 3)
1021 2398 1197 2438 histerque
1217 2399 1265 2430 CA
1398 2412 1417 2438 4

83 2441 156 2471 afer
172 2441 296 2471 nonuis
313 2441 426 2480 (nouis
445 2439 509 2481 CA)
527 2441 654 2472 habere
670 2441 784 2472 AACA
