1648 2729
746 120 1217 159 EPIGRAMMATON
1250 122 1352 159 LIB.
1387 122 1422 158 V

569 241 728 278 XLVII

85 328 317 377 Numquam
347 341 389 366 se
419 340 582 366 cenasse
611 327 721 366 dorni
752 328 867 367 Philo
897 328 1008 376 iurat,
1040 336 1077 368 et
1107 330 1185 368 hoc
1214 337 1295 368 est:

138 406 218 431 non
249 400 375 440 cenat,
407 393 591 444 quotiens
621 407 741 433 nemo
770 395 925 433 vocavit
954 409 1057 434 eum.

570 534 708 570 XLIX

193 618 393 658 Vidissem
424 621 546 658 modo
576 621 676 658 forte
706 634 796 659 cum
828 622 1034 660 sedentem

193 686 322 723 solum
352 692 400 732 te,
435 685 622 732 Labiene,
655 693 732 724 tres
762 686 908 736 putavi.

193 751 326 789 calvae
356 764 419 788 me
449 764 636 790 numerus
667 759 757 790 tuae
787 752 949 790 fefellit:

193 823 284 854 sunt
313 815 419 854 illinc
450 816 531 863 tibi,
564 824 655 855 sunt
685 825 723 855 et
753 817 846 856 hinc
876 818 1007 868 capilli

193 883 329 931 quales
358 882 418 919 vel
449 895 614 931 puerum
645 883 785 920 decere
815 891 1006 933 possunt3
1410 903 1426 934 5

192 947 384 985 nudumst
413 946 453 984 in
484 946 617 985 medio
647 956 765 997 caput
796 962 869 986 nec
899 950 1000 987 ullus

192 1011 232 1049 in
262 1013 380 1061 longa
408 1011 510 1062 pilus
539 1025 629 1050 area
658 1020 826 1051 notatur.

194 1077 275 1116 Hic
304 1091 409 1116 error
437 1077 509 1116 tibi
538 1077 684 1128 profuit
716 1078 941 1126 Decembri,

193 1150 288 1181 tunc
317 1156 409 1181 cum
438 1143 604 1193 prandia
634 1143 738 1182 misit
770 1146 1015 1195 Imperator:

193 1222 285 1247 cum
314 1208 525 1259 panariolis
555 1208 679 1247 tribus
708 1209 854 1248 redisti.
1388 1229 1430 1251 10

193 1276 333 1313 Talem
365 1276 577 1324 Geryonen
607 1275 727 1314 fuisse
757 1277 889 1314 credo.

193 1339 291 1378 vites
320 1353 466 1378 censeo
495 1339 691 1390 porticum
724 1341 923 1392 Philippi:

195 1405 225 1444 si
256 1413 294 1444 te
323 1405 465 1444 viderit
496 1407 703 1454 Hercules,
736 1407 882 1457 peristi.

626 1548 660 1584 L

87 1635 199 1674 Ceno
229 1634 339 1673 domi
369 1634 565 1684 quotiens,
596 1634 672 1673 nisi
701 1642 754 1683 te,
784 1635 1023 1686 Charopine,
1054 1636 1203 1684 vocavi,

139 1700 319 1750 protinus
347 1700 527 1750 ingentes
556 1708 648 1739 sunt
676 1700 916 1748 inimicitiae,

86 1779 230 1816 meque
259 1774 373 1817 potes
402 1766 536 1805 stricto
566 1766 743 1805 medium
773 1768 998 1817 transfigere
1027 1768 1139 1816 ferro,

140 1831 171 1870 si
200 1839 379 1870 nostrum
409 1831 493 1870 sine
523 1839 561 1870 te
590 1831 665 1870 scis
695 1832 861 1870 caluisse
885 1834 1029 1871 focum.

87 1911 160 1936 nec
190 1899 313 1936 semel
342 1911 434 1948 ergo
465 1897 562 1935 mihi
592 1898 738 1935 furtum
769 1897 909 1936 fecisse
939 1897 1103 1937 licebit?
1411 1917 1428 1948 5

139 1962 345 2013 inprobius
374 1962 471 2000 nihil
501 1970 559 2001 est
588 1964 674 2010 hac,
707 1963 944 2013 Charopine‚
976 1965 1077 2013 gula.

87 2028 224 2067 desine
252 2028 331 2067 iam
361 2036 546 2075 nostram,
579 2041 727 2078 precor,
759 2028 967 2067 observare
996 2028 1180 2077 culinam,

140 2102 260 2145 atque
287 2094 504 2145 aliquando
535 2107 646 2133 meus
676 2095 743 2133 det
773 2094 844 2132 tibi
873 2095 992 2133 verba
1021 2108 1152 2134 cocus.

132 2197 263 2229 XLVII
288 2197 363 2228 hab.
390 2198 420 2229 Τ
512 2212 517 2217 ’

132 2242 250 2273 XLIX
273 2242 346 2273 hab.
370 2241 400 2272 T
483 2252 503 2281 3
528 2252 687 2273 numeros
703 2241 758 2272 ΒΛ
870 2253 889 2280 4
913 2242 981 2273 sint
992 2247 1026 2273 et
1042 2242 1072 2273 T
1179 2252 1198 2282 5
1223 2243 1278 2274 uel
1289 2244 1426 2275 AABA:

89 2297 151 2317 nee
169 2285 218 2316 CA
330 2290 472 2325 possunt
487 2285 625 2316 ΑΑΒΑε
652 2285 785 2325 possint
804 2285 850 2316 CA
985 2288 1006 2316 6
1028 2287 1140 2317 nudus
1157 2291 1210 2317 est
1229 2287 1281 2328 (es
1297 2287 1355 2329 ΡΖ)
1372 2288 1427 2318 ΒΑ

91 2341 106 2370 7
131 2330 220 2370 pilus
237 2339 303 2360 om.
328 2330 359 2361 T
442 2340 464 2369 9
488 2334 559 2360 tum
576 2329 658 2361 AA:
683 2335 763 2360 tunc
780 2329 888 2359 BACA
946 2329 1121 2370 inperator
1136 2330 1169 2361 E

133 2374 160 2404 L
184 2373 258 2404 hab.
283 2373 313 2404 T
411 2383 425 2403 1
452 2379 593 2405 uocatur
615 2373 737 2414 T(p›·o
753 2378 875 2404 vocato
888 2373 914 2413 2)
1005 2384 1025 2412 3
1050 2374 1136 2405 uelis
1152 2374 1234 2406 AA:
1257 2380 1357 2415 putes
1372 2376 1427 2406 ΒΑ

91 2421 165 2460 (pro
177 2416 312 2458 potes):
337 2422 438 2457 potes
455 2417 505 2448 CA
595 2418 615 2447 8
639 2417 737 2449 focus
750 2417 809 2447 ΑΛ
824 2428 830 2449 ;
856 2427 956 2449 cocus
969 2416 1080 2449 BACA
