1648 2729
743 123 1215 163 EPIGRAMMATON
1247 125 1352 162 LIB.
1387 125 1445 161 IV

217 249 290 274 nec
319 249 561 286 quemquam
590 243 703 286 putat
732 249 817 274 esse
846 235 1128 286 praedicatque

216 301 316 339 inter
343 300 564 339 causidicos
594 300 821 339 beatiorem.

217 367 289 404 hos
318 367 441 404 fastus
469 365 704 416 animosque
733 367 801 405 dat
830 366 989 405 Sabello
1427 384 1442 413 5

216 430 323 469 farris
352 431 554 470 semodius
583 431 777 481 fabaeque
806 432 940 479 fresae,

217 504 255 535 et
284 496 379 535 turis
408 496 633 547 piperisque
662 504 738 536 tres
768 497 944 544 selibrae,

217 569 255 600 et
284 562 485 601 Lucanica
513 570 648 601 ventre
677 576 768 601 cum
800 562 964 610 Falisco,

217 635 255 666 et
284 627 382 678 nigri
412 629 506 677 Syra
535 627 678 666 defruti
707 629 859 678 lagona,

217 700 255 731 et
285 694 382 731 ficus
413 693 563 743 Libyca
591 695 719 744 gelata
748 701 848 733 testa
1408 712 1447 732 ιο

217 771 308 796 cum
339 758 470 797 bulbis
500 759 726 810 cocleisque
755 773 963 810 caseoque.

218 823 366 862 Piceno
395 838 556 874 quoque
585 825 691 863 venit
719 839 743 863 a
771 826 914 865 cliente

218 902 358 939 parcae
387 889 526 927 cistula
555 903 636 928 non
666 904 789 941 capax
818 891 955 938 olivae,

217 961 255 992 et
284 968 415 993 crasso
444 954 551 1004 figuli
580 955 702 1005 polita
731 957 841 994 caelo

218 1019 438 1070 septenaria
467 1020 662 1069 synthesis
692 1021 866 1071 Sagunti,
1413 1038 1446 1069 15

219 1084 426 1135 Hispanae
455 1087 605 1123 luteum
636 1093 744 1124 rotae
774 1094 964 1134 toreuma,

217 1158 256 1189 et
284 1152 364 1189 lato
392 1150 539 1189 variata
568 1165 712 1201 mappa
741 1153 865 1190 clavo.

218 1215 437 1254 Saturnalia
465 1216 725 1255 fructuosiora

217 1281 330 1320 annis
360 1295 441 1320 non
471 1282 610 1320 habuit
639 1284 778 1321 decem
809 1282 1000 1322 Sabellus.

586 1389 745 1425 XLVII

111 1471 333 1507 Encaustus
365 1470 573 1507 Phaethon
603 1469 737 1507 tabula
766 1468 837 1508 tibi
867 1469 995 1520 pictus
1025 1469 1065 1508 in
1095 1471 1169 1509 hac
1199 1478 1268 1509 est.

164 1534 259 1584 quid
289 1534 360 1573 tibi
389 1534 457 1582 vis,
489 1534 672 1585 dipyrum
702 1534 770 1585 qui
801 1537 1051 1574 Phaethonta
1081 1536 1207 1574 facis?

596 1642 734 1678 XLIX

111 1721 259 1769 Nescit,
292 1723 409 1761 crede
438 1722 546 1769 mihi,
579 1722 676 1772 quid
706 1722 783 1761 sint
812 1722 1106 1773 epigrammata,
1141 1725 1292 1769 Flacce,

165 1787 232 1838 qui
261 1794 415 1826 tantum
445 1790 553 1826 lusus
583 1788 648 1826 illa
676 1788 867 1839 iocosque
896 1797 1022 1828 vocat.

111 1853 174 1892 ille
204 1853 327 1903 magis
356 1853 457 1892 ludit
486 1853 553 1904 qui
583 1853 719 1892 scribit
747 1854 913 1904 prandia
941 1854 1047 1892 saevi

164 1920 314 1957 Tereos
342 1926 411 1957 aut
439 1932 590 1966 cenam,
622 1921 743 1958 crude
771 1921 957 1969 Thyesta,
990 1927 1109 1966 tuam,

111 1991 178 2021 aut
207 1997 331 2034 puero
359 1983 529 2034 liquidas
558 1991 762 2035 aptantem
794 1986 1003 2023 Daedalon
1032 1986 1113 2023 alas

165 2057 394 2099 pascentem
423 2049 574 2088 Siculas
602 2057 670 2088 aut
699 2051 976 2101 Polyphemon
1004 2049 1099 2089 ovis.

156 2153 266 2184 XLVI
291 2164 310 2194 5
333 2154 465 2185 faustus
487 2154 688 2194 animusque
712 2154 760 2186 CA
901 2165 922 2194 9
946 2154 1059 2185 defriti
1077 2154 1172 2194 (-yti)
1194 2153 1243 2184 CA
1332 2154 1452 2185 lacuna

112 2198 167 2228 BA
322 2209 359 2229 11
386 2198 487 2229 bullis
505 2199 565 2229 rCA
582 2198 667 2240 (non
682 2199 731 2237 A)
824 2198 1018 2238 cocleisque
1034 2198 1109 2229 Ital.
1126 2209 1133 2228 :
1159 2197 1327 2237 calcisque
1345 2198 1401 2228 BA
1418 2210 1451 2233 ga

108 2250 169 2282 pro
187 2241 241 2278 oc)
259 2252 266 2271 :
290 2243 507 2281 cholceisque
526 2242 574 2273 CA
664 2252 703 2282 14
727 2242 839 2283 caelo]
859 2253 944 2273 ceno
961 2242 1016 2272 ΒΑ
1120 2243 1159 2272 18
1183 2241 1385 2272 sructusiora
1404 2242 1451 2272 (Ἃ

158 2285 287 2316 XLVII
316 2296 330 2316 1
358 2286 408 2316 Eu
428 2292 542 2317 castus
557 2286 613 2316 ΒΑ
746 2298 766 2317 2
788 2287 934 2326 dipyron
952 2285 1029 2316 Ital.

159 2329 275 2359 XLIX
297 2329 369 2361 hab.
400 2330 429 2360 T
494 2340 521 2369 1,
539 2341 559 2360 2
578 2331 696 2361 Nescit
714 2355 720 2361 .
737 2356 744 2362 .
766 2355 772 2361 .
795 2335 894 2360 uocat
910 2329 1044 2360 AACA:
1062 2329 1182 2360 Nescis
1197 2353 1205 2360 .
1226 2351 1233 2359 .
1255 2354 1261 2361 .
1281 2334 1381 2370 putas
1397 2329 1452 2359 ΒΑ

118 2382 131 2402 1
158 2372 202 2403 sit
232 2373 279 2403 CA
390 2384 409 2403 2
432 2374 496 2404 ista
511 2374 591 2406 AA:
616 2374 789 2406 illaBACA
901 2384 920 2412 4
946 2374 1045 2404 trude
1062 2373 1111 2404 CA
1129 2376 1165 2403 ut
1181 2372 1246 2405 vid.
1317 2374 1451 2413 thyeste

115 2415 213 2457 (thi-)
231 2416 426 2457 codd.,fort.
447 2421 524 2448 recle
542 2419 606 2459 (-ta
617 2417 668 2459 X)
799 2419 820 2448 6
843 2417 955 2458 pasc.]
973 2427 1110 2457 parcem
1129 2417 1159 2448 T
