1648 2729
174 131 232 170 M.
262 134 385 171 VAL.
419 133 733 173 MARTIALIS

172 245 345 284 ludimus
374 245 561 285 innocui:
601 244 676 284 scis
705 246 783 284 hoc
813 245 941 285 bene:
980 244 1065 284 iuro
1093 244 1267 296 potentis

225 324 295 360 per
322 310 482 361 genium
513 312 659 349 Famae
689 311 986 362 Castaliumque
1014 324 1172 361 gregem
1470 325 1508 347 10

172 388 321 426 perque
349 383 436 414 tuas
464 389 589 423 aures,
621 375 753 425 magni
783 375 880 414 mihi
909 375 1083 415 numinis
1111 374 1243 421 instar,

225 442 348 480 lector
376 440 593 479 inhumana
620 440 719 480 liber
745 441 797 480 ab
825 440 984 480 invidia.

672 575 781 613 XIII

175 663 281 700 Dum
311 661 529 700 Tiburtinis
557 662 758 700 albescere
787 661 936 700 solibus
965 661 1075 700 audit

224 727 376 777 antiqui
405 726 535 766 dentis
564 728 674 765 fusca
704 726 863 777 Lycoris
893 727 1001 774 ebur,

172 792 277 831 venit
307 792 347 831 in
378 794 601 832 Herculeos
631 793 763 832 colles.
822 791 919 843 quid
948 791 1108 831 Tiburis
1136 791 1204 830 alti

223 871 317 897 aura
346 860 474 897 valet!
530 871 650 909 parvo
680 866 858 909 tempore
887 857 996 908 nigra
1024 857 1135 897 redit.

681 991 781 1028 XVI

171 1081 273 1117 Aera
302 1078 412 1118 domi
441 1092 523 1118 non
552 1085 654 1126 sunt,
685 1085 863 1128 superest
892 1079 980 1126 hoc,
1013 1079 1178 1129 Regule,
1209 1078 1339 1117 solum

223 1152 266 1183 ut
295 1152 362 1183 tua
389 1146 608 1183 vendamus
639 1157 825 1183 munera:
858 1143 1055 1194 numquid
1083 1143 1210 1183 emis?

667 1278 791 1315 XVII

278 1362 396 1401 Ruris
426 1362 668 1401 bibliotheca
697 1361 866 1409 delicati,

275 1427 445 1466 vicinam
475 1427 582 1467 videt
611 1429 718 1466 unde
746 1429 870 1466 lector
898 1427 1049 1474 urbem,

277 1493 378 1532 inter
407 1493 580 1532 carmina
604 1492 804 1535 ,sanctiora
833 1492 865 1531 si
894 1492 982 1542 quis

276 1558 444 1597 lascivae
472 1558 587 1597 fuerit
615 1559 726 1598 locus
755 1557 931 1605 Thaliae,

275 1625 348 1662 hos
378 1623 473 1662 nido
503 1623 593 1662 licet
623 1623 770 1662 inseras
799 1625 860 1662 vel
890 1623 982 1670 imo,
1485 1638 1503 1671 5

276 1697 427 1739 septem
457 1699 557 1738 quos
587 1688 659 1727 tibi
688 1688 865 1727 misimus
895 1688 1048 1727 libellos

275 1753 445 1793 auctoris
475 1756 628 1792 calamo
657 1753 717 1792 sui
746 1760 930 1792 notatos:

275 1820 375 1858 haec
403 1819 477 1857 illis
507 1819 675 1869 pretium
705 1818 797 1858 facit
826 1819 950 1857 litura.

274 1892 313 1922 at
343 1892 384 1923 tu
414 1898 576 1923 munere
606 1884 774 1923 delicata
801 1897 923 1934 parvo

274 1963 376 1999 quae
405 1949 624 1988 cantaberis
654 1949 749 1988 orbe
778 1956 873 1988 nota
900 1956 996 1996 toto,
1462 1963 1502 1987 ιο

274 2014 415 2065 pignus
444 2016 613 2064 pectoris
642 2015 720 2053 hoc
749 2013 828 2053 mei
857 2022 976 2060 tuere,

275 2079 352 2117 Iuli
380 2079 623 2118 bibliotheca
653 2079 856 2118 Martialis,

211 2183 278 2213 XII
305 2194 326 2222 9
351 2183 507 2214 innocuis
530 2184 562 2214 h.
594 2183 643 2214 CA
669 2184 743 2223 (per
761 2182 926 2223 Implogr.)
1106 2191 1144 2211 12
1170 2180 1253 2211 liber
1279 2190 1346 2213 0111.
1382 2179 1413 2211 T

210 2226 295 2257 XIII
325 2237 339 2257 1
363 2227 505 2258 tiburnis
520 2227 575 2257 ΒΑ
664 2227 790 2258 solibus
814 2225 893 2258 BA:
919 2225 1058 2257 collibus
1077 2224 1126 2256 CA
1284 2234 1304 2264 3
1326 2224 1382 2265 qui
1402 2223 1450 2255 CA
1468 2228 1504 2254 ut

167 2269 230 2300 vid.
251 2274 340 2307 (cum
357 2269 402 2311 L)

210 2313 290 2344 XVI
316 2314 388 2345 hal).
409 2313 442 2344 R
869 2311 872 2315 ⁴

210 2356 309 2389 XVII
330 2368 339 2387 1
374 2358 483 2388 Rudis
501 2358 549 2388 CA
625 2357 848 2387 bibliothecae
867 2356 915 2387 CA
1047 2365 1068 2396 9
1089 2355 1242 2387 dedicata
1258 2354 1335 2385 BA:
1358 2354 1500 2386 delicata

167 2399 217 2430 CA
341 2410 379 2432 10
403 2401 595 2432 cantaueris
613 2400 661 2432 CA
680 2401 713 2443 (ι’.
723 2411 745 2431 e.
767 2401 873 2431 -beris
887 2401 911 2440 3>
