1648 2729
763 120 1234 161 EPIGRAMMATON
1266 123 1371 161 LIB.
1403 124 1439 160 V

100 231 352 271 commodius
381 231 456 271 nisi
484 233 584 271 forte
612 231 684 271 tibi
713 232 926 283 potiusque
954 233 1110 272 videtur

154 296 433 335 Saturnalicias
463 298 638 347 perdere,
670 298 806 345 Varro,
838 311 971 337 nuces.

584 375 725 413 XXXI

100 443 247 494 Aspice
277 457 396 494 quam
426 444 592 495 placidis
622 444 782 484 insultet
812 446 926 484 turba
954 445 1130 485 iuvencis

154 517 193 548 et
222 522 292 548 sua
322 523 441 560 quam
472 509 595 548 facilis
625 512 802 561 pondera
831 518 964 550 taurus
993 519 1110 550 amet.

99 574 285 614 cornibus
315 575 379 613 hic
408 576 557 626 pendet
586 575 762 623 summis,
793 590 913 627 vagus
943 576 1008 616 ille
1036 590 1106 627 per
1134 590 1264 616 armos

152 639 270 678 currit
299 648 337 679 et
366 640 406 678 in
436 648 520 679 toto
549 641 711 680 ventilat
738 655 847 680 arma
874 642 988 681 bove.

96 712 136 743 at
165 705 296 744 feritas
326 706 477 745 inmota
506 706 625 757 riget:
665 721 746 746 non
776 715 878 746 esset
907 709 1054 747 harena
1419 725 1435 755 5

152 771 272 810 tutior
300 779 338 810 et
368 780 549 822 poterant
577 774 710 811 fallere
739 774 857 823 plana
885 773 1020 824 magis.

98 850 171 875 nec
201 836 399 887 trepidant
427 844 570 888 gestus,
603 839 673 877 sed
703 839 754 877 de
783 838 1010 877 discrimine
1038 840 1193 890 palmae

151 903 312 941 securus
341 916 438 953 puer
467 911 526 942 est
555 903 849 954 sollicitumque
878 918 1010 954 pecus.

574 987 739 1024 XXXII

97 1055 371 1103 Quadrantem
402 1055 566 1106 Crispus
595 1055 750 1104 tabulis,
783 1055 984 1104 Faustine,
1013 1055 1206 1107 supremis

150 1133 232 1159 non
261 1120 372 1160 dedit
401 1121 522 1160 uxori.
583 1121 683 1162 ‘Cui
712 1121 824 1161 dedit
853 1123 998 1172 ergo?'
1055 1121 1148 1161 Sibi.

559 1205 749 1242 XXXIII

97 1274 268 1325 Carpere
297 1273 520 1313 causidicus
549 1276 669 1313 fertur
698 1288 787 1313 mea
815 1273 1016 1313 carmina:
1055 1274 1123 1325 qui
1153 1275 1202 1314 sit

149 1339 308 1378 nescio:
347 1339 379 1377 si
408 1339 544 1387 sciero,
575 1353 647 1378 vae
675 1339 760 1387 tibi,
790 1339 1000 1378 causidice.

571 1423 752 1460 XXXIV

97 1493 217 1531 Hanc
247 1491 329 1539 tibi,
362 1494 511 1531 Fronto
540 1500 661 1543 pater,
692 1492 868 1544 genetrix
898 1492 1092 1540 Flaccilla,
1125 1494 1299 1543 puellam

149 1559 285 1596 oscula
313 1559 556 1597 commendo
585 1558 827 1608 deliciasque
856 1572 975 1605 meas,

95 1625 255 1673 parvola
283 1637 334 1662 ne
363 1623 491 1674 nigras
520 1625 721 1663 horrescat
752 1623 920 1662 Erotion
949 1624 1108 1663 umbras

149 1701 297 1738 oraque
326 1689 502 1727 Tartarei
533 1689 760 1740 prodigiosa
789 1689 907 1729 canis.

95 1753 290 1804 inpletura
318 1754 391 1792 fuit
420 1762 553 1793 sextae
582 1756 704 1794 modo
733 1755 875 1806 frigora
905 1755 1079 1802 brumae,
1416 1771 1434 1803 5

148 1819 307 1858 vixisset
336 1819 503 1858 totidem
533 1820 574 1858 ni
604 1820 734 1859 minus
764 1820 829 1859 illa
858 1820 953 1859 dies.

94 1884 196 1923 inter
224 1892 304 1923 tam
334 1892 485 1924 veteres
514 1887 626 1924 ludat
654 1886 799 1924 lasciva
827 1894 1014 1936 patronos

150 1957 189 1989 et
217 1964 366 1989 nomen
394 1951 532 1989 blaeso
560 1951 701 2001 garriat
731 1965 797 1990 ore
826 1965 971 1990 meum.

95 2015 230 2054 mollia
257 2029 339 2054 non
368 2015 515 2066 rigidus
544 2030 706 2067 caespes
736 2024 841 2067 tegat
870 2030 959 2055 ossa
987 2030 1062 2055 nec
1091 2015 1156 2063 illi,

149 2088 260 2128 terra,
291 2081 416 2132 gravis
445 2081 590 2120 fueris:
631 2095 713 2121 non
742 2082 815 2120 fuit
844 2082 909 2120 illa
939 2081 1021 2120 tibi.
1395 2098 1435 2119 10

139 2184 262 2215 XXXI
287 2185 361 2216 hab.
386 2184 416 2215 T
488 2195 510 2218 2
532 2190 600 2216 tam
616 2185 671 2216 ΒΑ
717 2190 807 2217 amat
829 2185 859 2216 T
964 2195 984 2224 3
1007 2185 1086 2216 hine
1103 2185 1152 2216 CA
1229 2195 1246 2224 7
1270 2186 1332 2216 sed
1351 2186 1433 2225 (set)

96 2229 139 2259 de
153 2228 285 2260 AABA2
314 2233 348 2259 et
364 2239 408 2259 ne
428 2229 476 2260 CA
521 2240 657 2269 parmas
675 2229 723 2260 CA
827 2229 985 2260 XXXIII
1010 2230 1084 2260 hab.
1108 2228 1169 2260 TR
1280 2228 1435 2260 XXXIV

94 2271 169 2302 hab.
191 2271 251 2302 TR
339 2283 359 2311 3
376 2283 448 2313 sqq.
466 2283 540 2305 nov.
555 2274 651 2314 epigr.
667 2273 755 2304 codd.
769 2284 775 2305 :
801 2284 876 2304 corr.
889 2273 964 2304 Ital.
1055 2283 1076 2312 3
1100 2272 1242 2313 paruula
1255 2273 1376 2313 (-uola)
1391 2283 1434 2303 ne

95 2314 227 2346 AACA:
253 2315 376 2355 pallida
393 2327 456 2347 nec
466 2317 521 2347 BA
625 2326 644 2356 5
668 2322 767 2348 sexto
784 2321 822 2347 ut
837 2317 901 2347 vid.
920 2317 982 2346 ΑΑ
1086 2318 1107 2346 6
1131 2327 1174 2346 ne
1190 2316 1305 2347 AACA
1415 2327 1433 2355 7

94 2359 163 2400 i.t.]
183 2359 317 2390 interim
336 2359 385 2390 CA
404 2366 482 2400 (pro
498 2361 664 2402 interiam,
687 2361 775 2401 Ipro
790 2361 833 2401 T)
935 2361 955 2391 8
978 2360 1092 2391 blesso
1110 2359 1172 2390 ΑΑ
1274 2370 1295 2400 9
1319 2369 1387 2391 non
1404 2370 1431 2391 r.

94 2402 228 2434 AACA:
254 2413 317 2433 nec
334 2414 359 2434 r.
378 2403 434 2434 BA

140 2467 248 2488 MART.
267 2467 319 2488 ΕΡ.
339 2467 388 2489 sc.
407 2467 461 2489 En.
795 2454 799 2458 ⁷
1325 2458 1346 2487 8
