1648 2729
188 125 244 161 M.
276 123 399 160 VAL.
433 123 749 161 MARTIALIS

683 234 808 271 XXII

188 312 310 349 Mane
340 310 450 349 domi
479 309 553 348 nisi
584 318 622 349 te
651 310 757 349 volui
787 309 993 361 meruique
1022 310 1167 359 videre,

239 376 316 414 sint
346 376 453 423 mihi,
487 378 619 424 Paule,
651 384 742 414 tuae
771 376 925 426 longius
956 376 1168 426 Esquiliae.

185 443 255 480 sed
284 441 518 480 Tiburtinae
547 455 635 479 sum
665 440 865 491 proximus
895 443 1031 480 accola
1060 441 1172 492 pilae,

239 521 318 557 qua
345 507 453 545 videt
481 506 658 545 anticum
688 507 832 545 rustica
862 508 978 545 Flora
1008 508 1173 546 Iovem:

184 574 262 611 alta
292 571 489 611 Suburani
518 572 716 611 vincenda
745 580 804 611 est
834 571 974 610 semita
1003 572 1094 611 clivi

238 645 276 676 et
306 651 525 687 numquam
556 637 663 676 sicco
693 637 854 676 sordida
883 651 975 676 saxa
1003 639 1139 688 gradu,

184 703 326 753 vixque
356 704 470 742 datur
498 704 636 752 longas
666 704 864 741 mulorum
894 716 1076 753 rumpere
1106 704 1291 742 mandras

237 782 419 818 quaeque
448 768 549 806 trahi
579 769 704 806 multo
735 781 930 806 marmora
958 769 1053 807 fune
1081 768 1203 807 vides.

183 835 279 873 illud
308 835 441 872 adhuc
470 833 623 883 gravius
653 835 762 883 quod
793 841 831 872 te
859 841 950 883 post
979 833 1086 872 mille
1114 834 1284 883 labores,

236 901 369 946 Paule,
401 906 518 949 negat
546 900 650 937 lasso
680 899 823 938 ianitor
851 913 937 938 esse
966 899 1087 938 dorni.

183 965 309 1003 exitus
339 964 403 1003 hic
433 963 562 1014 operis
592 964 682 1002 vani
712 966 950 1014 togulaeque
980 964 1203 1004 madentis:

235 1030 298 1068 vix
327 1029 425 1068 tanti
456 1031 623 1067 Paulum
654 1043 770 1068 mane
799 1030 932 1069 videre
961 1030 1043 1069 fuit.

184 1098 347 1146 Semper
376 1095 616 1133 inhumanos
646 1094 766 1134 habet
795 1095 994 1134 officiosus
1024 1095 1200 1136 amicos:

235 1176 312 1209 rex,
344 1161 418 1199 nisi
448 1160 665 1208 dormieris,
698 1174 779 1199 non
810 1169 923 1211 potes
953 1175 1039 1200 esse
1069 1175 1191 1201 meus.

666 1267 814 1304 XXIII

182 1342 409 1381 Herbarum
439 1343 566 1380 fueras
595 1341 768 1389 indutus,
803 1344 934 1390 Basse,
967 1344 1130 1391 colores,

234 1407 317 1446 iura
346 1407 545 1445 theatralis
575 1408 671 1446 dum
702 1407 843 1446 siluere
871 1407 959 1446 loci.

179 1486 281 1522 quae
311 1481 522 1523 postquam
552 1472 698 1523 placidi
727 1473 900 1511 censoris
930 1487 1023 1512 cura
1052 1473 1205 1512 renasci

232 1538 344 1577 iussit
374 1547 412 1576 et
442 1540 650 1578 Oceanum
680 1538 821 1577 certior
849 1538 961 1577 audit
990 1552 1124 1589 eques,

179 1617 259 1642 non
290 1603 364 1642 nisi
393 1605 454 1642 vel
484 1617 606 1642 cocco
637 1603 798 1642 madida
827 1606 888 1642 vel
918 1604 1067 1642 murice
1097 1604 1221 1643 tincta

232 1677 340 1707 veste
369 1669 470 1707 nites
500 1677 538 1707 et
568 1676 606 1707 te
636 1668 692 1707 sic
722 1670 815 1707 dare
845 1669 965 1708 verba
995 1677 1120 1719 putas.

180 1734 572 1784 Quadringentorum
603 1736 735 1772 nullae
764 1742 866 1780 sunt,
900 1736 1032 1781 Basse,
1065 1736 1249 1773 lacernae

231 1807 298 1838 aut
328 1813 440 1838 meus
468 1807 560 1838 ante
590 1799 718 1838 omnis
750 1800 905 1839 Cordus
934 1800 1098 1838 haberet
1127 1812 1285 1850 equum.

662 1900 804 1937 XXIV

288 1977 460 2014 Hermes
491 1975 636 2014 Martia
665 1976 811 2014 saeculi
840 1978 1031 2027 voluptas,

288 2042 459 2079 Hermes
489 2041 675 2079 omnibus
705 2042 881 2080 eruditus
911 2042 1028 2080 armis

288 2107 459 2144 Hermes
490 2114 527 2144 et
556 2106 749 2156 gladiator
778 2115 816 2145 et
846 2107 1041 2158 magister,

287 2173 458 2209 Hermes
487 2172 601 2209 turba
630 2171 690 2209 sui
720 2180 944 2222 tremorque
973 2172 1067 2219 ludi,

1482 918 1523 940 10

435 2249 461 2266 ΙΤΙ

220 2274 323 2305 ΧΧΙΙ
348 2285 367 2313 3
391 2280 470 2305 sunt
485 2278 520 2305 ut
532 2273 595 2305 vid.
611 2273 665 2304 BA
680 2274 777 2315 (sunt
792 2276 825 2305 in
838 2274 878 2312 L,
893 2280 972 2306 sunt
985 2274 1026 2314 P,
1039 2284 1113 2304 sum
1132 2273 1177 2315 Q)
1271 2282 1291 2313 5
1317 2273 1399 2305 Sub.
1413 2273 1487 2305 Ital.
1503 2286 1510 2305 τ

175 2318 356 2348 suburbani
374 2318 461 2350 codd.
584 2328 600 2356 7
626 2328 799 2348 murorum
825 2319 880 2348 BA
997 2328 1156 2356 rumpere
1180 2316 1255 2349 BA:
1292 2317 1432 2348 uincere
1461 2317 1510 2348 CA

180 2371 218 2391 10
242 2361 331 2392 lassa
346 2362 401 2391 ΒΑ
494 2372 532 2392 12
556 2361 658 2401 tanti]
685 2363 822 2392 tandem
838 2362 886 2392 CA
1020 2360 1141 2391 XXIII
1167 2371 1186 2391 2
1213 2360 1285 2391 iure
1297 2360 1345 2392 C=⁴⁵¹
1363 2362 1444 2401 (non
1457 2361 1508 2399 A)

175 2415 194 2443 3
218 2410 377 2436 censotus
390 2405 438 2436 CA
506 2415 525 2445 5
550 2405 687 2436 tinctam
705 2409 741 2435 ut
755 2406 817 2437 vid.
837 2406 885 2436 CA
1005 2405 1124 2436 XXIV
1147 2415 1167 2444 3
1193 2404 1238 2435 Η.
1252 2415 1283 2444 g.
1299 2406 1378 2446 (om.
1393 2404 1441 2446 et)
1457 2404 1510 2435 BA
