1648 2729
194 116 664 156 EPIGRAMMATON
695 117 800 154 LIB.
831 117 869 153 V

193 243 243 266 an
273 237 386 278 potes
416 236 454 267 et
483 241 564 267 non
594 228 682 266 vis?
739 229 869 278 Rogo,
898 240 980 265 non
1009 234 1068 265 est
1097 226 1247 276 turpius
1276 225 1411 264 istud?

249 294 271 341 i,
303 294 374 333 tibi
404 294 612 344 dispereas,
646 295 800 333 Gaure:
839 292 1004 343 pusillus
1033 293 1157 331 homo
1187 305 1239 330 es.

649 393 863 430 LXXXIV

305 473 390 509 Iam
420 469 537 508 tristis
567 468 735 507 nucibus
764 481 862 518 puer
890 467 1032 506 relictis

303 538 478 574 clamoso
507 542 710 573 revocatur
738 547 762 572 a
790 533 986 584 magistro,

303 610 341 640 et
369 602 518 639 blando
548 600 650 638 male
678 598 856 649 proditus
885 598 1030 646 fritillo,

302 680 444 706 arcana
473 666 595 704 modo
623 672 756 715 raptus
786 678 807 702 e
836 663 993 714 popina,

302 732 470 770 aedilem
500 737 610 780 rogat
638 731 740 768 udus
769 730 926 767 aleator.
1513 741 1530 772 5

305 796 524 836 Saturnalia
553 794 739 833 transiere
769 802 861 842 tota,

304 876 377 901 nec
407 862 642 899 munuscula
670 873 788 910 parva
816 872 890 898 nec
920 857 1072 896 minora

305 927 444 966 misisti
473 926 579 973 mihi,
613 926 735 972 Galla,
769 938 888 975 quam
918 924 1084 962 solebas.

305 995 408 1032 Sane
437 991 492 1030 sic
520 992 636 1030 abeat
665 1003 776 1029 meus
807 990 1053 1028 December:

306 1058 380 1097 scis
411 1064 526 1104 certe,
557 1064 664 1106 puto,
695 1063 823 1094 vestra
851 1055 929 1092 iam
958 1054 1092 1092 venire
1493 1069 1533 1091 10

306 1121 535 1168 Saturnalia,
569 1120 732 1159 Martias
764 1121 992 1167 Kalendas;

306 1196 400 1226 tune
429 1188 592 1226 reddam
623 1186 703 1234 tibi,
738 1187 861 1233 Galla,
893 1185 1002 1235 quod
1032 1183 1187 1223 dedisti.

243 1291 411 1323 LXXXII
437 1303 456 1330 4
480 1290 505 1331 i]
534 1291 560 1322 si
583 1290 642 1321 ΑΑ
668 1290 759 1331 (cum
783 1288 844 1331 X),
870 1288 955 1319 unde
975 1289 1002 1319 si
1027 1288 1086 1319 tibi
1112 1288 1307 1328 diSpendas‚
1330 1287 1383 1326 G„
1408 1297 1440 1327 p.
1455 1287 1486 1317 h.
1502 1297 1531 1318 e.

203 1340 227 1377 (¹2
242 1359 243 1362 η
272 1336 392 1367 Gilbm
456 1339 507 1366 est
524 1335 582 1364 ΑΑ
599 1345 608 1365 2
630 1344 667 1365 es
684 1333 792 1364 BACA

199 1380 426 1464 (ὃὲέξέζέζὲὲἴ
449 1389 469 1418 3
494 1378 625 1409 fritillos
640 1378 694 1408 ΒΑ
849 1386 868 1416 5
893 1376 1038 1407 aedilum
1058 1376 1106 1407 CA
1258 1386 1279 1415 9
1303 1374 1424 1406 habeat
1440 1374 1529 1406 codd.
