1648 2729
720 156 1192 196 EPIGRAMMATON
1224 157 1328 194 LIB.
1360 157 1420 193 XI

82 261 198 300 Silius
228 263 437 311 †optatae†
465 273 690 299 succurrere
718 259 872 298 censuit
901 260 1075 308 umbrae,

138 326 255 366 Silius
284 334 323 365 et
352 333 497 373 vatem,
525 338 607 364 non
637 324 767 364 minor
795 325 891 375 ipse,
923 324 1027 364 colit.

605 415 685 452 LII

83 484 257 526 Cenabis
286 485 400 532 belle,
434 484 510 523 Iuli
540 484 714 532 Cerialis,
745 485 853 534 apud
884 498 946 523 me
962 499 972 533 3

136 550 314 590 conditio
344 558 402 589 est
431 550 570 589 melior
598 550 631 588 si
660 550 731 589 tibi
760 552 877 598 nulla,
910 551 1011 590 veni.

82 624 262 656 octavam
291 615 437 666 poteris
466 629 618 655 servare
632 630 642 664 ,-
680 616 899 655 lavabimur
927 630 1029 655 una:

136 681 212 721 scis
241 695 361 732 quam
391 681 468 720 sint
498 681 688 732 Stephani
717 682 859 720 balnea
888 681 1022 720 iuncta
1051 681 1160 719 mihi.

83 746 209 798 prima
237 746 309 785 tibi
337 746 496 785 dabitur
524 746 649 785 ventri
678 748 833 786 lactuca
863 748 1062 786 movendo

135 812 252 861 utilis,
284 820 322 851 et
351 812 475 863 porris
505 814 570 851 fila
598 821 748 851 resecta
776 812 866 860 suis,

83 891 175 916 mox
203 885 315 916 vetus
344 885 383 917 et
411 877 521 916 tenui
550 877 674 916 maior
702 879 862 927 cordyla
891 879 1048 926 lacerto,

135 945 205 982 sed
235 957 354 994 quam
384 957 475 982 cum
505 950 614 981 rutae
642 943 848 982 frondibus
877 957 952 982 ova
980 951 1112 993 tegant
1128 959 1136 991 3

80 1010 201 1048 altera
229 1022 311 1047 non
340 1010 483 1047 derunt
511 1007 621 1046 tenui
649 1016 801 1046 versata
828 1008 968 1056 favilla,

135 1082 174 1113 et
202 1073 436 1113 Velabrensi
465 1087 594 1112 massa
621 1081 760 1112 coacta
787 1075 888 1121 foco,
1383 1089 1424 1111 10

81 1147 120 1179 et
149 1153 251 1190 quae
281 1139 473 1178 Picenum
502 1147 709 1177 senserunt
737 1139 855 1189 frigus
885 1139 1022 1178 olivae.

135 1206 234 1244 haec
263 1205 356 1244 satis
386 1204 426 1243 in
455 1212 583 1255 gustu.
643 1206 785 1244 Cetera
814 1218 932 1244 nosse
961 1204 1106 1255 cupis?

83 1270 260 1318 mentiar,
292 1278 334 1308 ut
362 1270 521 1308 venias:
561 1269 702 1320 pisces,
732 1270 950 1320 conchylia,
983 1284 1135 1317 sumen,

136 1343 175 1375 et
204 1335 350 1374 chortis
380 1343 529 1374 saturas
558 1343 678 1385 atque
707 1335 862 1386 paludis
891 1349 994 1384 aves,

83 1414 184 1452 quae
214 1414 288 1439 nec
318 1402 438 1439 Stella
467 1402 567 1439 solet
595 1414 679 1439 rara
708 1400 783 1439 nisi
813 1415 960 1451 ponere
989 1415 1098 1440 cena.
1384 1418 1420 1450 15

139 1468 232 1505 Plus
262 1479 335 1516 ego
365 1466 578 1516 polliceor:
620 1465 674 1504 nil
704 1466 879 1505 recitabo
910 1466 991 1514 tibi,

83 1532 166 1582 ipse
196 1540 285 1571 tuos
314 1531 430 1570 nobis
460 1533 608 1582 relegas
637 1531 728 1570 licet
758 1545 884 1582 usque
914 1532 1103 1582 Gigantas

138 1599 248 1636 Rura
276 1598 337 1636 vel
366 1604 527 1635 aeterno
557 1596 734 1647 proxima
764 1597 949 1648 Vergilio.

588 1681 691 1718 LIII

83 1751 251 1792 Claudia
279 1751 467 1790 caeruleis
496 1765 588 1789 curn
617 1751 666 1789 sit
696 1752 843 1789 Rufina
873 1750 1070 1789 Britannis

137 1814 256 1862 edita,
286 1828 406 1864 quam
436 1813 574 1852 Latiae
603 1821 764 1864 pectora
792 1813 918 1864 gentis
949 1814 1094 1852 habet!

82 1881 199 1929 quale
228 1880 350 1918 decus
379 1880 554 1918 formae!
613 1881 839 1918 Romanam
873 1880 1032 1918 credere
1061 1886 1204 1917 matres

137 1944 299 1983 Italides
328 1952 506 1995 possunt,
537 1943 722 1983 Atthides
752 1957 837 1983 esse
866 1957 990 1982 suam.

130 2048 156 2078 L
176 2057 196 2087 3
211 2049 292 2088 fort.
310 2049 398 2080 illius
490 2048 630 2079 orbatae
642 2048 780 2079 Ribbeck
795 2047 911 2088 (Proll.
926 2048 971 2079 ad
981 2048 1074 2089 Verg.
1082 2053 1116 2089 p.
1135 2048 1209 2088 123)
1227 2059 1233 2079 :
1251 2059 1294 2079 en
1306 2053 1420 2079 tantae

82 2093 132 2123 vel
152 2103 172 2123 o
196 2098 310 2123 tantae
333 2092 473 2124 Gilbert:
493 2092 578 2132 fort.
606 2097 724 2131 optato
750 2092 912 2133 (adverb.)
940 2092 991 2122 vel
1012 2102 1032 2123 o
1062 2093 1173 2132 pietas
1289 2093 1421 2123 censuit

83 2136 223 2167 umbrae
238 2135 398 2167 Heinsius
413 2148 420 2167 :
444 2136 539 2167 cenis
557 2141 594 2166 ut
610 2136 754 2167 cliabrae
773 2136 943 2177 Qdiabrae)
960 2135 1026 2167 cod.
1141 2147 1161 2175 4
1186 2136 1276 2167 filius
1293 2142 1329 2166 ut
1344 2136 1420 2166 Rib-

82 2181 152 2211 beck
255 2180 360 2211 fatum
383 2180 502 2220 Young
517 2179 638 2219 (class.
651 2179 730 2211 Rev.
746 2190 792 2218 VI,
808 2179 888 2219 307)
990 2190 1057 2210 non
1076 2179 1186 2210 minus
1202 2180 1221 2211 i.
1240 2180 1316 2210 tulit
1331 2179 1396 2211 cod.
1415 2193 1422 2210 ε

82 2235 160 2255 corr.
176 2223 337 2254 Heinsius
500 2227 506 2233 ‘
521 2223 583 2254 LII
609 2226 629 2254 6
654 2223 802 2264 resecta]
820 2227 933 2253 secata
952 2223 980 2253 L
997 2227 1073 2254 ante
1086 2234 1165 2254 corr.
1282 2233 1322 2254 10
1345 2223 1422 2254 uela

81 2267 232 2299 brendisi
248 2268 393 2298 massica
410 2272 506 2298 cocta
524 2267 575 2298 CA
742 2277 779 2305 13
804 2266 982 2314 coloephia
997 2266 1055 2298 BA
1072 2279 1079 2298 ι
1096 2266 1278 2306 conchylia
1305 2267 1419 2306 (-chi—f›

85 2344 135 2376 CA
263 2347 301 2376 18
325 2355 400 2376 rara
417 2345 473 2374 ΒΑ
493 2345 525 2385 (a
536 2350 599 2386 pro
616 2345 655 2386 u)
744 2311 892 2375 εὲῗέἓιῑιεεί
911 2347 948 2374 ut
957 2343 1022 2376 vid.
1043 2343 1092 2375 CA
1112 2345 1289 2383 (arecerno
1304 2343 1419 2381 EXA,

83 2399 206 2420 acerno
232 2388 280 2427 V)
514 2389 594 2419 LIII
619 2400 638 2419 2
662 2399 721 2419 cur
736 2412 744 2420 .
763 2412 770 2420 .
790 2412 797 2419 .
814 2389 928 2427 gentis
946 2387 1001 2418 BA
1018 2399 1026 2419 :
1045 2398 1145 2428 quam
1162 2413 1169 2420 .
1191 2412 1198 2419 .
1217 2412 1224 2419 .
1247 2387 1358 2428 plebis
1372 2388 1422 2419 CA

83 2442 102 2471 3
121 2438 246 2464 matres
258 2432 314 2463 ΒΑ
330 2445 336 2464 :
357 2438 498 2464 matrem
517 2432 567 2463 CA
