1648 2729
731 125 1202 164 EPIGRAMMATON
1235 127 1338 164 LIB.
1372 127 1437 163 III

573 237 755 274 XLVIII

108 307 295 358 Pauperis
325 306 491 346 extruxit
521 308 673 354 cellam,
706 308 776 345 sed
806 306 986 345 vendidit
1016 307 1115 346 Olus

161 372 344 422 praedia:
386 386 491 410 nunc
522 373 661 410 cellam
692 371 875 422 pauperis
906 373 1004 411 Olus
1036 373 1166 410 habet.

590 460 727 496 XLIX

105 524 327 563 Veientana
357 524 452 562 mihi
483 524 636 571 misces,
669 523 737 562 ubi
770 523 942 562 Massica
971 531 1110 573 potas:

159 591 327 628 olfacere
357 590 454 628 haec
485 590 589 627 malo
618 590 762 639 pocula
791 602 910 638 quarn
941 588 1086 627 bibere.

647 682 680 719 L

107 760 221 797 Haec
250 758 332 805 tibi,
365 771 446 796 non
475 757 561 804 alia,
593 765 652 796 est
680 758 732 796 ad
761 771 901 795 cenam
933 770 1052 795 causa
1081 758 1261 805 vocandi,

158 823 371 862 versiculos
401 823 539 862 recites
569 831 621 870 ut,
656 822 851 873 Ligurine,
883 830 983 860 tuos.

104 889 272 939 deposui
301 891 439 936 soleas,
470 890 644 927 adfertur
672 887 850 937 protinus
880 887 1018 936 ingens

158 954 259 993 inter
287 956 459 992 lactucas
489 966 783 1003 oxygarumque
811 952 934 990 liber:

104 1022 201 1058 alter
229 1019 448 1070 perlegitur,
481 1020 577 1057 dum
607 1020 754 1057 fercula
782 1018 908 1068 prima
938 1025 1162 1056 morantur:
1422 1035 1438 1065 5

159 1084 294 1124 tertius
323 1093 392 1130 est,
424 1098 499 1122 nec
526 1085 659 1122 adhuc
689 1097 826 1122 mensa
856 1084 1032 1121 secunda
1060 1083 1192 1121 venit:

105 1158 143 1189 et
173 1158 356 1200 quartum
386 1150 524 1188 recitas
555 1157 593 1188 et
623 1149 805 1199 quintum
837 1148 1010 1198 denique
1039 1148 1194 1186 librum.

159 1215 321 1266 putidus
352 1223 420 1262 est,
453 1215 598 1253 totiens
629 1214 660 1253 si
690 1214 787 1252 mihi
816 1213 932 1264 ponis
962 1227 1113 1263 aprum.

107 1281 229 1330 Quod
258 1280 290 1318 si
320 1294 400 1319 non
433 1279 625 1318 scombris
655 1281 843 1317 scelerata
872 1286 1056 1328 poemata
1086 1280 1221 1324 donas,

159 1345 320 1384 cenabis
350 1346 456 1384 solus
487 1344 576 1391 iam,
609 1344 806 1394 Ligurine,
839 1343 959 1382 dorni.
1402 1359 1442 1380 10

623 1439 702 1476 LII

108 1518 254 1566 Empta
283 1517 426 1554 domus
455 1516 580 1553 fuerat
608 1514 690 1562 tibi,
723 1513 972 1564 Tongiliane,
1002 1513 1206 1552 ducentis:

159 1581 320 1620 abstulit
349 1582 452 1619 hanc
481 1580 648 1618 nimium
679 1593 791 1618 casus
821 1579 861 1617 in
892 1580 988 1617 urbe
1018 1580 1213 1629 frequens.

106 1648 308 1686 conlatum
337 1653 396 1685 est
425 1645 598 1684 deciens.
658 1647 784 1695 Rogo,
817 1659 899 1683 non
928 1652 1041 1694 potes
1071 1644 1155 1694 ipse
1184 1644 1306 1682 videri

160 1711 385 1750 incendisse
415 1718 537 1758 tuam,
565 1710 811 1761 Tongiliane,
844 1711 1041 1748 domum?

631 1805 704 1841 LV

108 1877 231 1926 Quod
259 1888 512 1926 quacumque
540 1874 649 1913 venis
680 1876 874 1914 Cosmum
904 1873 1068 1923 migrare
1098 1880 1282 1924 putamus

161 1950 200 1981 et
229 1943 349 1980 fluere
378 1954 543 1980 excusso
572 1940 757 1979 cinnama
784 1941 871 1978 fusa
899 1939 1009 1986 vitro,

152 2045 302 2076 XLVIII
327 2045 399 2076 lwb.
419 2044 452 2074 R
523 2055 537 2074 1
564 2044 650 2075 Olus
666 2054 731 2075 om.
749 2046 787 2074 ut
801 2043 865 2074 vid.
888 2041 938 2073 CA
1083 2052 1103 2072 2
1123 2043 1253 2082 praetia
1271 2043 1376 2082 (pre-)
1398 2043 1443 2073 CA

109 2090 351 2130 paupetusolus
369 2088 417 2119 CA
435 2091 473 2118 ut
487 2088 551 2119 vid.
869 2086 986 2117 XLIX
1009 2086 1081 2117 lmb.
1109 2086 1139 2116 T
1221 2097 1241 2116 2
1266 2086 1367 2116 mallo
1386 2086 1435 2117 CA

155 2135 182 2164 L
205 2144 254 2164 vv.
278 2143 339 2163 1—2
355 2132 429 2162 hab.
447 2132 481 2162 R
613 2142 632 2170 3
659 2130 778 2161 deusui
797 2130 852 2160 BA
971 2141 990 2168 4
1015 2136 1282 2170 ostygarumque
1302 2130 1349 2160 CA
1369 2132 1442 2170 <pro

109 2187 216 2216 ossy-,
234 2177 254 2208 i.
266 2187 291 2208 e.
310 2182 410 2216 oxy-l
545 2185 564 2214 5
589 2175 775 2214 perlegitur
790 2174 868 2204 BA:
901 2178 1064 2213 pergetor
1082 2174 1130 2204 CA
1147 2178 1183 2204 ut
1197 2174 1260 2205 vid.
1283 2173 1356 2214 (sed
1369 2184 1444 2212 por-

111 2222 231 2260 rigitur
246 2219 362 2259 XCG,
382 2219 534 2259 perlefor
553 2218 608 2253 Gli
759 2220 779 2248 6
804 2218 898 2248 uenit
916 2217 991 2247 BA:
1018 2218 1078 2248 fuit
1098 2217 1146 2248 CA
1279 2228 1296 2255 7
1321 2218 1442 2248 librum

110 2265 185 2295 BA:
202 2265 323 2294 bruma
335 2263 412 2303 <EA
420 2262 480 2293 GR
493 2265 513 2303 >)
526 2263 576 2293 vel
585 2263 701 2293 broma
714 2260 804 2300 (XC)
818 2262 886 2300 υἷε.
902 2261 1016 2300 βρῶμα
1027 2263 1051 2301 3)
1067 2261 1115 2292 CA
1180 2261 1200 2291 8
1215 2271 1251 2291 es
1262 2261 1316 2291 BA
1329 2264 1441 2301 (seat)

155 2308 218 2338 LII
246 2317 260 2338 1
280 2307 421 2338 ducenis
435 2305 569 2337 Scriver.
663 2317 682 2335 2
705 2306 769 2336 hac
789 2306 835 2336 CA

155 2352 215 2381 LV
237 2351 310 2382 hab.
336 2351 366 2381 T
492 2361 506 2381 1
532 2360 767 2390 quamcunque
789 2349 838 2380 CA
861 2348 936 2390 (pro
953 2348 1089 2388 quac-2)
1196 2352 1379 2388 putamque
1397 2347 1445 2379 CA

112 2405 132 2426 2
156 2395 246 2436 exc.]
268 2395 394 2425 effusos
410 2394 465 2424 ΒΑ
