1648 2729
218 156 273 193 M.
304 155 428 193 VAL.
464 155 779 193 MARTIALIS

717 266 829 304 LXV

214 347 392 386 Sescenti
421 355 564 386 cenant
593 361 616 386 a
645 355 693 394 te,
727 346 890 394 Iusffine,
922 346 1051 384 vocati

266 412 363 451 lucis
392 414 443 451 ad
473 412 645 451 officium
675 426 777 462 quae
805 411 877 450 tibi
905 410 1031 462 prima
1059 410 1140 449 fuit.

213 478 313 517 inter
342 492 453 529 quos,
484 478 658 525 memini,
689 492 772 517 non
800 478 962 516 ultimus
991 491 1076 516 esse
1105 476 1281 516 solebam
1296 491 1307 525 3

266 557 341 582 nec
369 546 480 582 locus
509 544 573 582 hic
602 543 718 583 nobis
748 543 965 582 invidiosus
995 550 1086 581 erat.

214 616 370 659 postera
399 610 470 648 sed
499 611 621 648 festae
650 609 782 648 reddis
813 608 1019 647 sollemnia
1049 621 1235 647 mensae:
1530 622 1548 655 5

267 675 455 713 sescentis
484 674 618 723 hodie,
647 688 731 713 cras
760 674 857 712 mihi
886 682 1001 712 natus
1031 673 1116 713 eris.

700 775 858 812 LXVII

215 845 281 883 Nil
312 844 409 883 mihi
438 846 508 884 das
537 844 675 894 vivus3
714 845 812 884 dicis
841 852 931 895 post
960 845 1038 884 fata
1068 845 1263 883 daturum.

268 910 308 949 Si
338 924 419 950 non
449 924 491 950 es
521 912 677 959 stultus,
706 910 795 959 scis,
827 912 956 959 Maro,
986 910 1082 960 quid
1111 909 1282 960 cupiam.

684 1017 866 1054 LXVIII

216 1090 339 1126 Parva
367 1100 479 1137 rogas
510 1100 673 1137 magnos
687 1102 697 1135 3
736 1088 806 1125 sed
835 1100 916 1125 non
946 1087 1042 1125 dant
1071 1087 1169 1125 haec
1199 1099 1359 1136 quoque
1388 1085 1530 1136 magni.

268 1154 322 1190 Vt
352 1153 499 1202 pudeat
528 1152 651 1190 levius
682 1159 730 1199 te,
764 1153 917 1198 Matho,
950 1164 1092 1201 magna
1121 1164 1224 1201 roga.

706 1263 842 1300 LXIX

215 1331 575 1382 Amphitheatrales
603 1332 704 1371 inter
731 1332 877 1370 nutrita
905 1331 1110 1382 magistros

270 1397 454 1445 venatrix,
488 1397 593 1435 silvis
622 1411 770 1447 aspera,
803 1398 949 1435 blanda
983 1396 1104 1444 domi,

218 1461 343 1512 Lydia
372 1461 543 1510 dicebar,
575 1462 740 1501 domino
769 1462 959 1501 fidissima
990 1464 1150 1509 Dextro,

271 1527 339 1577 qui
368 1541 449 1566 non
481 1528 671 1578 Erigones
701 1529 834 1566 mallet
864 1528 1009 1566 habere
1038 1541 1193 1575 canem,

218 1606 292 1631 nee
322 1592 389 1642 qui
420 1593 586 1632 Dictaea
616 1594 838 1643 Cephalum
869 1594 919 1632 de
948 1600 1065 1643 gente
1094 1600 1252 1632 secutus
1534 1608 1550 1640 5

271 1657 456 1696 luciferae
485 1658 627 1708 pariter
655 1659 762 1697 venit
791 1660 842 1697 ad
870 1666 973 1697 astra
1001 1660 1111 1697 deae.

220 1724 312 1760 Non
344 1736 407 1761 me
437 1725 555 1773 longa
584 1723 668 1761 dies
699 1737 772 1762 nec
801 1723 950 1762 inutilis
979 1723 1141 1762 abstulit
1169 1731 1289 1770 aetas,

274 1787 405 1837 qualia
435 1788 624 1827 Dulichio
653 1790 732 1827 fata
760 1790 866 1827 fuere
897 1788 1008 1826 cani:

220 1852 411 1891 fulmineo
440 1853 660 1903 spumantis
689 1853 772 1903 apri
802 1867 888 1891 sum
919 1854 1038 1891 dente
1067 1860 1280 1903 perempta,

274 1925 445 1967 quantus
475 1926 566 1966 erat,
599 1920 792 1968 Calydon,
822 1926 900 1966 aut,
933 1920 1185 1968 Erymanffle,
1217 1925 1318 1956 tuus.
1517 1934 1555 1955 10

220 1995 294 2021 nec
324 1996 466 2033 queror
493 1983 663 2022 infernas
693 1983 872 2033 quamvis
901 1983 980 2022 cito
1009 1991 1119 2033 rapta
1147 1983 1221 2021 sub
1250 1983 1422 2021 umbras.

275 2061 356 2086 non
386 2048 497 2098 potui
525 2050 605 2087 fato
635 2048 828 2087 nobiliore
858 2048 969 2087 mori.

267 2151 361 2183 LXV
383 2153 456 2184 lmb.
482 2152 512 2182 T
647 2163 660 2182 1
687 2153 728 2183 ad
747 2157 781 2183 te
797 2152 880 2183 AA:
905 2157 972 2183 ate
990 2151 1101 2183 ΒΑΕΔ
1234 2163 1254 2191 4
1277 2152 1357 2183 hinc
1378 2151 1551 2195 T(etfhrt.

221 2196 327 2280 &gg-²)
344 2197 401 2270 ἓξ
417 2195 526 2227 ΒΑΕΑ
673 2207 692 2236 5
717 2196 844 2237 reddis]
861 2197 923 2227 sed
939 2196 992 2226 his
1014 2195 1044 2226 T
1129 2205 1267 2227 mensae
1283 2195 1402 2226 ΑΛΒΑ
1420 2207 1427 2228 :
1450 2206 1555 2227 cenae

272 2283 401 2313 LXVII
426 2282 500 2315 hab.
529 2282 559 2313 T
642 2293 661 2313 2
686 2293 778 2314 mare
797 2283 848 2314 CA
863 2282 937 2325 (sed
950 2284 983 2325 {n
1001 2283 1114 2314 lemm.
1131 2293 1178 2313 AD
1197 2283 1386 2323 MARONEM)

268 2326 414 2357 LXVIII
439 2327 514 2357 hab.
541 2327 571 2357 T
655 2337 674 2356 2
699 2327 784 2357 leuis
808 2327 838 2357 T

269 2370 383 2401 LXIX
407 2381 457 2401 vv.
488 2381 558 2412 1—4‚
587 2381 670 2409 7-12
694 2370 767 2401 hab.
791 2370 821 2400 T
916 2381 935 2408 4
961 2380 1078 2400 canem
1095 2368 1232 2401 AACA:
1257 2380 1359 2401 canes
1377 2369 1432 2402 ΒΑ
1536 2380 1555 2410 5

224 2416 366 2446 dictama
385 2413 435 2444 CA
571 2423 606 2444 11
633 2414 770 2445 umbras
785 2413 903 2444 ΑΑΒΑ
920 2425 926 2445 :
951 2414 1058 2444 undas
1076 2412 1126 2444 CA
