1648 2729
763 132 1233 171 EPIGRAMMATON
1265 133 1435 171 LIBER

597 244 721 280 XXII

102 310 321 350 Sollicitant
350 311 482 362 pavidi
511 313 607 351 dum
638 312 888 351 rhinocerota
917 312 1089 363 magistri

155 389 277 426 seque
306 376 374 416 diu
404 391 570 427 magnae
599 377 746 428 colligit
776 377 831 416 ira
859 379 974 425 ferae,

100 442 410 491 desperabantur
438 442 620 492 promissi
649 443 798 493 proelia
829 443 967 482 Martis
982 458 991 491 3

154 508 225 545 sed
254 508 416 545 tandem
445 507 560 546 rediit
589 507 770 558 cognitus
799 516 892 547 ante
921 509 1037 547 furor.

101 585 273 622 namque
300 585 457 622 gravem
487 586 610 611 cornu
639 573 798 623 gemino
828 573 884 612 sic
912 573 1049 612 extulit
1079 587 1226 620 ursum,
1416 591 1432 621 5

153 636 272 675 iactat
300 644 342 675 ut
371 637 561 688 inpositas
592 645 724 677 taurus
754 638 794 676 in
823 646 926 676 astra
955 638 1080 689 pilas:

100 701 247 741 Norica
275 709 355 740 tam
385 710 493 742 certo
522 704 717 742 venabula
746 703 876 753 dirigit
905 703 984 742 ictu
1272 700 1432 754 [XXIII

151 766 261 806 fortis
290 768 422 806 adhuc
451 768 576 806 teneri
605 770 764 807 dextera
794 768 1053 819 Carpophori.

99 831 162 870 ille
191 831 279 870 tulit
307 832 486 882 geminos
516 833 619 872 sacili
648 833 799 872 cervice
828 833 1026 881 iuvencos,

151 896 206 935 illi
236 897 352 935 cessit
381 905 491 937 atrox
521 898 690 936 bubalus
720 906 839 948 atque
869 898 1006 937 vison:
1397 914 1433 937 ιο

99 963 205 1000 hunc
233 963 296 1001 leo
326 976 417 1000 cum
446 964 607 1013 fugeret,
639 976 827 1013 praeceps
857 963 897 1001 in
927 965 1004 1002 tela
1034 964 1214 1002 cucurrit.

153 1028 171 1065 I
202 1040 309 1065 nunc
338 1035 376 1066 et
405 1029 530 1066 lentas
560 1028 723 1078 corripe,
755 1028 880 1075 turba,
913 1041 1052 1067 moras.

580 1117 722 1153 XXIV

97 1185 137 1223 si
166 1184 254 1235 quis
282 1186 377 1224 ades
407 1185 533 1236 longis
563 1199 671 1224 serus
701 1193 900 1236 spectator
927 1186 978 1224 ab
1008 1185 1096 1233 oris,

150 1250 214 1289 cui
242 1251 308 1288 lux
337 1250 462 1301 prima
491 1250 590 1289 sacri
620 1251 792 1290 muneris
823 1251 896 1290 ista
924 1251 1007 1299 fuit,

97 1329 146 1354 ne
176 1322 214 1354 te
243 1315 416 1366 decipiat
445 1315 593 1354 ratibus
623 1315 773 1354 navalis
805 1318 920 1366 Enyo

149 1388 188 1419 et
217 1394 286 1431 par
314 1382 422 1419 unda
450 1380 568 1428 fretis,
600 1380 664 1419 hic
694 1382 816 1419 modo
846 1389 946 1419 terra
974 1380 1056 1419 fuit.

97 1459 176 1484 non
206 1445 362 1484 credis?
391 1453 535 1496 specta,
568 1447 665 1484 dum
695 1447 841 1484 lassant
870 1459 1043 1496 aequora
1075 1447 1274 1483 Martem:
1413 1463 1430 1494 5

149 1523 267 1560 parva
295 1524 405 1549 mora
433 1519 502 1559 est,
534 1510 642 1549 dices
674 1511 779 1550 ‘Hic
809 1512 931 1550 modo
961 1519 1106 1561 pontus
1136 1512 1240 1549 erat)

594 1594 713 1631 XXV

96 1664 218 1713 Quod
247 1671 441 1702 nocturna
469 1662 551 1710 tibi,
584 1664 778 1711 Leandre,
811 1663 1029 1714 pepercerit
1059 1664 1167 1702 unda

148 1728 286 1767 desine
316 1728 470 1767 mirari:
511 1728 690 1768 Caesaris
721 1730 829 1768 unda
858 1728 942 1767 fuit.

572 1808 690 1846 XXV
711 1806 737 1845 b

96 1877 199 1916 Cum
229 1883 380 1926 peteret
409 1877 546 1916 dulces
574 1878 704 1916 audax
734 1877 938 1915 Leandros
967 1889 1122 1915 amores

148 1942 187 1980 et
215 1943 340 1980 fessus
370 1942 532 1981 tumidis
563 1942 640 1981 iam
670 1949 912 1992 premeretur
939 1941 1063 1992 aquis,

96 2006 151 2045 sic
181 2006 299 2045 miser
327 2006 519 2046 instantes
547 2009 703 2046 adfatus
733 2006 877 2045 dicitur
904 2007 1056 2045 undas:

150 2071 326 2111 ‘Parcite
354 2073 451 2111 dum
480 2086 660 2123 propero,
692 2071 855 2121 mergite
884 2085 975 2110 cum
1004 2073 1149 2110 redeo.’

137 2175 242 2207 XXII
266 2176 339 2208 hab.
365 2175 408 2206 H
546 2185 565 2215 5
590 2176 728 2215 gradem
744 2175 804 2207 H:
834 2185 912 2206 corr.
938 2174 968 2205 T
1102 2175 1124 2204 6
1147 2174 1312 2213 inpositas
1329 2174 1401 2206 Ital.
1422 2187 1429 2205 :

94 2221 260 2259 inpossita
274 2219 316 2249 H
485 2230 575 2259 ‘7-12
599 2230 671 2250 nov.
689 2219 801 2259 epigr„
819 2218 879 2249 sed
891 2219 960 2249 sine
975 2218 1128 2249 lemmate
1141 2218 1202 2248 AA
1217 2229 1224 2249 ε
1251 2227 1328 2250 corr.
1347 2219 1430 2249 Ellis

95 2275 112 2303 7
133 2263 255 2294 Dorica
269 2273 369 2302 quam
387 2263 462 2295 Ital.
601 2273 639 2293 12
657 2263 666 2293 i
683 2263 758 2293 Ital.
777 2274 784 2293 ε
806 2273 874 2294 om.
892 2262 954 2291 ΑΑ

139 2307 258 2337 XXIV
280 2306 354 2338 lzab.
372 2306 414 2337 H
537 2316 552 2337 1
577 2308 675 2338 adest
689 2306 764 2337 Ital.
893 2316 912 2336 2
935 2304 1009 2345 ipsa
1024 2305 1099 2336 Ital.
1227 2314 1246 2343 3
1271 2315 1315 2335 ne
1330 2304 1404 2335 Ital.
1421 2316 1427 2336 ε

95 2360 159 2381 nec
175 2350 216 2380 H
344 2359 363 2389 5
387 2355 522 2389 spectes
538 2351 612 2382 Ital.
1024 2348 1125 2379 XXV
1147 2348 1219 2380 hab.
1238 2349 1311 2379 HR

138 2394 240 2425 XXV
252 2394 272 2424 b
296 2394 367 2425 hab.
386 2393 469 2425 HR.
513 2394 599 2425 Cum
614 2393 776 2435 superiore
793 2392 885 2432 confl.
904 2392 986 2424 AA:
1014 2402 1093 2423 corr.
1111 2391 1186 2422 Ital.
1308 2403 1328 2431 4
1353 2402 1426 2423 cum

97 2437 164 2480 (H)
182 2438 230 2469 vel
244 2438 322 2469 dum
340 2437 402 2479 (R)
422 2447 446 2470 r.
465 2437 528 2467 ΑΛ
