1648 2729
164 153 219 189 M.
252 151 374 189 VAL‚
407 151 722 189 MARTIALIS

629 264 812 301 XLVIII

270 334 479 384 Coponem
509 333 739 384 laniumque
767 335 1046 384 balneumque,

270 407 471 438 tonsorem
501 400 758 450 tabulamque
787 400 1041 449 calculosque

270 473 308 503 et
337 478 497 515 paucos,
530 466 601 504 sed
631 472 673 503 ut
702 465 856 515 eligam,
887 464 1066 503 libellos:

271 543 397 568 unum
428 543 508 568 non
539 529 705 568 nimium
735 531 875 568 rudem
905 530 1110 568 sodalem:

270 597 368 634 haec
398 603 554 645 praesta
584 595 691 644 mihi,
725 597 841 643 Rufe,
872 596 934 634 vel
965 595 1163 642 Butuntis,

273 668 311 699 et
341 661 514 698 thermas
544 660 615 699 tibi
645 661 748 699 habe
778 660 1038 699 Neronianas.

669 749 771 787 LIII

164 818 232 856 Vis
263 818 344 857 fieri
374 818 500 857 liber?
539 818 726 866 mentiris,
760 818 947 865 Maxime,
980 833 1061 858 non
1091 819 1173 857 vis:

215 885 285 922 sed
314 884 397 922 fieri
427 883 458 922 si
488 883 559 931 vis,
589 885 663 923 hac
692 884 844 922 ratione
876 892 1000 934 potes.

163 949 260 987 liber
288 948 373 996 eris,
406 963 546 988 cenare
576 949 669 988 foris
699 949 740 997 si,
776 949 963 996 Maxime,
995 949 1110 997 nolis,

216 1014 438 1053 Veientana
466 1022 574 1052 tuam
604 1014 633 1052 si
664 1016 801 1053 domat
830 1028 906 1053 uva
935 1014 1050 1061 sitim,

163 1079 193 1117 si
225 1079 349 1118 ridere
378 1087 490 1129 potes
521 1079 652 1118 miseri
682 1081 942 1129 chrysendeta
973 1079 1139 1125 Cinnae,
1480 1095 1498 1126 5

216 1152 427 1183 contentus
457 1152 590 1183 nostra
617 1144 650 1182 si
679 1152 792 1193 potes
822 1157 908 1182 esse
937 1151 1038 1194 toga,

162 1206 193 1243 si
224 1205 378 1256 plebeia
407 1208 543 1244 Venus
572 1206 732 1256 gemino
763 1206 833 1244 tibi
863 1206 1032 1244 vincitur
1059 1219 1158 1253 asse,

217 1271 248 1308 si
278 1279 345 1309 tua
373 1284 455 1309 non
484 1279 612 1310 rectus
643 1279 747 1310 tecta
776 1271 908 1310 subire
937 1279 1064 1322 poteS.

164 1338 260 1374 haec
291 1336 362 1374 tibi
391 1336 423 1374 si
452 1336 508 1374 vis
538 1344 607 1383 est,
638 1336 671 1375 si
701 1336 844 1375 mentis
875 1344 983 1375 tanta
1013 1344 1201 1387 potestas,

218 1401 375 1440 liberior
404 1403 550 1440 Partho
580 1401 708 1440 vivere
738 1415 827 1452 rege
856 1411 980 1452 potes.
1463 1418 1503 1440 10

689 1496 762 1533 LV

272 1565 342 1603 Vis
372 1573 421 1613 te,
454 1567 580 1612 Sexte,
613 1565 713 1604 coli:
753 1566 936 1604 volebam
965 1579 1108 1604 amare.

272 1632 493 1681 parendum
523 1639 581 1669 est
611 1630 708 1669 tibi:
748 1632 857 1680 quod
886 1630 1009 1677 iubes,
1043 1632 1198 1669 colere:

272 1697 343 1734 sed
372 1696 403 1734 si
433 1703 471 1734 te
501 1697 601 1743 colo,
633 1697 760 1743 Sexte,
791 1710 872 1734 non
902 1696 1058 1734 amabo.

667 1791 785 1827 LVII

168 1858 247 1895 Hic
277 1871 397 1908 quem
426 1858 793 1914 videtis-gressibus
823 1859 929 1909 vagis
959 1861 1121 1906 lentum,

163 1922 493 1972 amethystinatus
523 1923 655 1963 media
684 1923 752 1974 qui
783 1931 890 1962 secat
919 1925 1075 1974 Saepta,

164 2001 284 2037 quem
314 2002 395 2026 non
426 1988 591 2026 lacernis
621 1989 786 2028 Publius
816 2003 928 2028 meus
957 1988 1089 2036 vincit,

166 2066 245 2091 non
275 2052 359 2103 ipse
391 2054 546 2093 Cordus
576 2056 694 2105 alpha
723 2056 1037 2105 paenulatorum,

211 2153 290 2184 LIII
315 2153 389 2185 hab.
424 2153 454 2184 T
591 2165 604 2185 1
633 2155 653 2187 l.
682 2156 703 2187 f.
732 2156 814 2187 AA:
846 2155 866 2187 s.
895 2156 917 2187 l.
943 2155 1054 2186 BACA
1157 2154 1263 2185 libera
1288 2154 1424 2187 mentiri
1454 2156 1502 2186 CA

164 2209 183 2228 2
208 2202 319 2237 potest
338 2196 368 2227 T
381 2198 512 2237 (alfort.
530 2198 604 2237 ΑΛ)
621 2210 627 2229 :
652 2205 749 2239 potes
766 2200 874 2231 ΒΑΕΔ
1017 2209 1037 2237 3
1062 2198 1146 2229 nolis
1163 2197 1302 2230 AABA:
1327 2199 1435 2230 nolles
1453 2199 1502 2230 CA

166 2242 241 2281 (pro
257 2241 355 2271 noles
369 2243 394 2279 2)
410 2252 417 2272 z
442 2241 536 2272 uoles
551 2241 587 2271 D
714 2253 731 2281 7
756 2244 906 2283 iungitur
922 2242 1083 2272 Hemsius
1213 2243 1243 2282 8,
1264 2252 1285 2282 9
1307 2246 1431 2283 transp.
1452 2243 1501 2274 CA

163 2286 184 2315 8
208 2289 296 2315 tecta
314 2284 408 2324 <Em
426 2286 475 2315 vel
489 2290 582 2316 tanta
599 2285 758 2328 (XVBC)
778 2286 829 2317 CA
847 2288 898 2328 (cf.
915 2297 944 2318 v.
963 2287 1000 2325 9)

210 2328 269 2358 LV
288 2337 301 2358 1
322 2328 479 2359 nolebam
499 2329 547 2359 CA
635 2329 738 2361 amari
754 2330 809 2360 ΒΑ
915 2341 934 2360 2
957 2329 1079 2361 coleris
1094 2328 1172 2360 BA:
1199 2327 1310 2359 colere
1330 2328 1378 2360 CA
1457 2353 1465 2361 .
1481 2341 1502 2370 3

165 2377 262 2402 sexte
280 2372 354 2401 colo
370 2371 426 2401 BA

210 2415 303 2446 LVII
329 2425 349 2444 2
373 2425 471 2454 quem
489 2425 556 2447 sec.
574 2420 682 2447 saetta
702 2417 795 2457 wss—ctas
817 2417 866 2448 CA
884 2418 963 2457 (pro
981 2416 1122 2456 Saepta)
1275 2426 1297 2456 3
1322 2415 1433 2449 cernis
1451 2416 1500 2448 CA
