<?xml version="1.0" encoding="UTF-8"?>
<!DOCTYPE html PUBLIC "-//W3C//DTD XHTML 1.0 Transitional//EN"
    "http://www.w3.org/TR/xhtml1/DTD/xhtml1-transitional.dtd">
<html xmlns="http://www.w3.org/1999/xhtml" xml:lang="en" lang="en">
 <head>
  <title>
</title>
<meta http-equiv="Content-Type" content="text/html;charset=utf-8" />
  <meta name='ocr-system' content='tesseract 3.04.00' />
  <meta name='ocr-capabilities' content='ocr_page ocr_carea ocr_par ocr_line ocrx_word'/>
</head>
<body>
  <div class='ocr_page' id='page_1' title='image "./epigrammatasele00martuoft_0287.png"; bbox 0 0 1648 2729; ppageno 0'>
   <div class='ocr_carea' id='block_1_1' title="bbox 734 144 1430 184">
    <p class='ocr_par' dir='ltr' id='par_1_1' title="bbox 734 144 1430 184">
     <span class='ocr_line' id='line_1_1' title="bbox 734 144 1430 184; baseline 0.001 -4"><span class='ocrx_word' id='word_1_1' title='bbox 734 144 1204 184; x_wconf 91' lang='lat' dir='ltr'>EPIGRAMMATON</span> <span class='ocrx_word' id='word_1_2' title='bbox 1235 146 1338 183; x_wconf 92' lang='lat' dir='ltr'>LIB.</span> <span class='ocrx_word' id='word_1_3' title='bbox 1371 145 1430 182; x_wconf 88' lang='lat' dir='ltr'>XI</span> 
     </span>
    </p>
   </div>
   <div class='ocr_carea' id='block_1_2' title="bbox 627 255 684 294">
    <p class='ocr_par' dir='ltr' id='par_1_2' title="bbox 627 255 684 294">
     <span class='ocr_line' id='line_1_2' title="bbox 627 255 684 294; baseline -0.035 0"><span class='ocrx_word' id='word_1_4' title='bbox 627 255 684 294; x_wconf 91' lang='lat' dir='ltr'>CI</span> 
     </span>
    </p>
   </div>
   <div class='ocr_carea' id='block_1_3' title="bbox 95 323 1192 443">
    <p class='ocr_par' dir='ltr' id='par_1_3' title="bbox 95 323 1192 443">
     <span class='ocr_line' id='line_1_3' title="bbox 95 323 1135 375; baseline 0.005 -14"><span class='ocrx_word' id='word_1_5' title='bbox 95 323 251 363; x_wconf 82' lang='lat' dir='ltr'>Thaida</span> <span class='ocrx_word' id='word_1_6' title='bbox 281 331 361 362; x_wconf 85' lang='lat' dir='ltr'>tam</span> <span class='ocrx_word' id='word_1_7' title='bbox 391 332 550 363; x_wconf 87' lang='lat' dir='ltr'>tenuem</span> <span class='ocrx_word' id='word_1_8' title='bbox 580 325 755 375; x_wconf 84' lang='lat' dir='ltr'>potuisti,</span> <span class='ocrx_word' id='word_1_9' title='bbox 788 327 941 374; x_wconf 84' lang='lat' dir='ltr'>Flacce,</span> <span class='ocrx_word' id='word_1_10' title='bbox 971 327 1135 366; x_wconf 89' lang='lat' dir='ltr'>videre?</span> 
     </span>
     <span class='ocr_line' id='line_1_4' title="bbox 148 391 1192 443; baseline 0.004 -16"><span class='ocrx_word' id='word_1_11' title='bbox 148 396 201 437; x_wconf 87' lang='lat' dir='ltr'>tu,</span> <span class='ocrx_word' id='word_1_12' title='bbox 233 397 340 439; x_wconf 89' lang='lat' dir='ltr'>puto,</span> <span class='ocrx_word' id='word_1_13' title='bbox 373 391 481 440; x_wconf 86' lang='lat' dir='ltr'>quod</span> <span class='ocrx_word' id='word_1_14' title='bbox 510 404 592 429; x_wconf 88' lang='lat' dir='ltr'>non</span> <span class='ocrx_word' id='word_1_15' title='bbox 622 399 691 438; x_wconf 90' lang='lat' dir='ltr'>est,</span> <span class='ocrx_word' id='word_1_16' title='bbox 724 393 875 439; x_wconf 86' lang='lat' dir='ltr'>Flaece,</span> <span class='ocrx_word' id='word_1_17' title='bbox 907 392 1039 431; x_wconf 87' lang='lat' dir='ltr'>videre</span> <span class='ocrx_word' id='word_1_18' title='bbox 1068 400 1192 443; x_wconf 88' lang='lat' dir='ltr'>potes.</span> 
     </span>
    </p>
   </div>
   <div class='ocr_carea' id='block_1_4' title="bbox 616 491 696 530">
    <p class='ocr_par' dir='ltr' id='par_1_4' title="bbox 616 491 696 530">
     <span class='ocr_line' id='line_1_5' title="bbox 616 491 696 530; baseline -0.013 0"><span class='ocrx_word' id='word_1_19' title='bbox 616 491 696 530; x_wconf 90' lang='lat' dir='ltr'>CII</span> 
     </span>
    </p>
   </div>
   <div class='ocr_carea' id='block_1_5' title="bbox 90 560 1428 1070">
    <p class='ocr_par' dir='ltr' id='par_1_5' title="bbox 90 560 1428 1070">
     <span class='ocr_line' id='line_1_6' title="bbox 94 560 1093 611; baseline 0.004 -14"><span class='ocrx_word' id='word_1_20' title='bbox 94 560 189 598; x_wconf 93' lang='lat' dir='ltr'>Non</span> <span class='ocrx_word' id='word_1_21' title='bbox 218 567 277 599; x_wconf 89' lang='lat' dir='ltr'>est</span> <span class='ocrx_word' id='word_1_22' title='bbox 306 560 494 599; x_wconf 89' lang='lat' dir='ltr'>mentitus</span> <span class='ocrx_word' id='word_1_23' title='bbox 524 560 592 611; x_wconf 90' lang='lat' dir='ltr'>qui</span> <span class='ocrx_word' id='word_1_24' title='bbox 622 568 660 600; x_wconf 85' lang='lat' dir='ltr'>te</span> <span class='ocrx_word' id='word_1_25' title='bbox 690 561 786 600; x_wconf 91' lang='lat' dir='ltr'>mihi</span> <span class='ocrx_word' id='word_1_26' title='bbox 816 562 913 601; x_wconf 78' lang='lat' dir='ltr'>dixit</span> <span class='ocrx_word' id='word_1_27' title='bbox 947 563 1093 601; x_wconf 89' lang='lat' dir='ltr'>habere</span> 
     </span>
     <span class='ocr_line' id='line_1_7' title="bbox 144 626 1050 677; baseline 0.004 -15"><span class='ocrx_word' id='word_1_28' title='bbox 144 626 386 664; x_wconf 89' lang='lat' dir='ltr'>formonsam</span> <span class='ocrx_word' id='word_1_29' title='bbox 417 640 587 675; x_wconf 88' lang='lat' dir='ltr'>carnem,</span> <span class='ocrx_word' id='word_1_30' title='bbox 619 627 755 677; x_wconf 86' lang='lat' dir='ltr'>Lydia,</span> <span class='ocrx_word' id='word_1_31' title='bbox 786 641 868 666; x_wconf 91' lang='lat' dir='ltr'>non</span> <span class='ocrx_word' id='word_1_32' title='bbox 898 627 1050 666; x_wconf 88' lang='lat' dir='ltr'>faciem.</span> 
     </span>
     <span class='ocr_line' id='line_1_8' title="bbox 92 691 1080 739; baseline 0.003 -11"><span class='ocrx_word' id='word_1_33' title='bbox 92 698 150 729; x_wconf 86' lang='lat' dir='ltr'>est</span> <span class='ocrx_word' id='word_1_34' title='bbox 178 691 242 739; x_wconf 84' lang='lat' dir='ltr'>ita,</span> <span class='ocrx_word' id='word_1_35' title='bbox 275 691 306 730; x_wconf 90' lang='lat' dir='ltr'>si</span> <span class='ocrx_word' id='word_1_36' title='bbox 336 699 466 730; x_wconf 85' lang='lat' dir='ltr'>taceas</span> <span class='ocrx_word' id='word_1_37' title='bbox 496 700 534 731; x_wconf 92' lang='lat' dir='ltr'>et</span> <span class='ocrx_word' id='word_1_38' title='bbox 563 692 595 730; x_wconf 88' lang='lat' dir='ltr'>si</span> <span class='ocrx_word' id='word_1_39' title='bbox 624 700 705 731; x_wconf 87' lang='lat' dir='ltr'>tam</span> <span class='ocrx_word' id='word_1_40' title='bbox 735 700 845 731; x_wconf 86' lang='lat' dir='ltr'>muta</span> <span class='ocrx_word' id='word_1_41' title='bbox 873 693 1080 731; x_wconf 83' lang='lat' dir='ltr'>recumbas</span> 
     </span>
     <span class='ocr_line' id='line_1_9' title="bbox 146 757 1039 807; baseline 0.001 -12"><span class='ocrx_word' id='word_1_42' title='bbox 146 770 265 807; x_wconf 89' lang='lat' dir='ltr'>quam</span> <span class='ocrx_word' id='word_1_43' title='bbox 296 757 383 796; x_wconf 90' lang='lat' dir='ltr'>silet</span> <span class='ocrx_word' id='word_1_44' title='bbox 411 757 451 795; x_wconf 90' lang='lat' dir='ltr'>in</span> <span class='ocrx_word' id='word_1_45' title='bbox 481 771 570 796; x_wconf 86' lang='lat' dir='ltr'>cera</span> <span class='ocrx_word' id='word_1_46' title='bbox 598 759 728 796; x_wconf 91' lang='lat' dir='ltr'>vultus</span> <span class='ocrx_word' id='word_1_47' title='bbox 758 766 796 797; x_wconf 92' lang='lat' dir='ltr'>et</span> <span class='ocrx_word' id='word_1_48' title='bbox 825 758 865 796; x_wconf 92' lang='lat' dir='ltr'>in</span> <span class='ocrx_word' id='word_1_49' title='bbox 894 759 1039 796; x_wconf 86' lang='lat' dir='ltr'>tabula.</span> 
     </span>
     <span class='ocr_line' id='line_1_10' title="bbox 91 823 1428 874; baseline 0.001 -14"><span class='ocrx_word' id='word_1_50' title='bbox 91 823 161 860; x_wconf 90' lang='lat' dir='ltr'>sed</span> <span class='ocrx_word' id='word_1_51' title='bbox 192 823 375 872; x_wconf 86' lang='lat' dir='ltr'>quotiens</span> <span class='ocrx_word' id='word_1_52' title='bbox 405 823 587 873; x_wconf 86' lang='lat' dir='ltr'>loqueris,</span> <span class='ocrx_word' id='word_1_53' title='bbox 619 837 777 862; x_wconf 87' lang='lat' dir='ltr'>carnem</span> <span class='ocrx_word' id='word_1_54' title='bbox 808 837 980 874; x_wconf 86' lang='lat' dir='ltr'>quoque,</span> <span class='ocrx_word' id='word_1_55' title='bbox 1013 823 1149 873; x_wconf 84' lang='lat' dir='ltr'>Lydia,</span> <span class='ocrx_word' id='word_1_56' title='bbox 1182 824 1312 874; x_wconf 88' lang='lat' dir='ltr'>perdis</span> <span class='ocrx_word' id='word_1_57' title='bbox 1412 841 1428 872; x_wconf 87' lang='lat'>5</span> 
     </span>
     <span class='ocr_line' id='line_1_11' title="bbox 144 889 1096 940; baseline 0.001 -14"><span class='ocrx_word' id='word_1_58' title='bbox 144 895 183 926; x_wconf 93' lang='lat' dir='ltr'>et</span> <span class='ocrx_word' id='word_1_59' title='bbox 212 901 282 926; x_wconf 90' lang='lat' dir='ltr'>sua</span> <span class='ocrx_word' id='word_1_60' title='bbox 312 890 399 938; x_wconf 87' lang='lat' dir='ltr'>plus</span> <span class='ocrx_word' id='word_1_61' title='bbox 429 889 526 927; x_wconf 90' lang='lat' dir='ltr'>nulli</span> <span class='ocrx_word' id='word_1_62' title='bbox 556 903 676 939; x_wconf 88' lang='lat' dir='ltr'>quam</span> <span class='ocrx_word' id='word_1_63' title='bbox 705 889 777 927; x_wconf 89' lang='lat' dir='ltr'>tibi</span> <span class='ocrx_word' id='word_1_64' title='bbox 806 889 939 940; x_wconf 87' lang='lat' dir='ltr'>lingua</span> <span class='ocrx_word' id='word_1_65' title='bbox 967 897 1096 928; x_wconf 87' lang='lat' dir='ltr'>nocet.</span> 
     </span>
     <span class='ocr_line' id='line_1_12' title="bbox 90 953 984 1005; baseline 0.002 -14"><span class='ocrx_word' id='word_1_66' title='bbox 90 953 239 992; x_wconf 82' lang='lat' dir='ltr'>Audiat</span> <span class='ocrx_word' id='word_1_67' title='bbox 268 953 406 992; x_wconf 80' lang='lat' dir='ltr'>aedilis</span> <span class='ocrx_word' id='word_1_68' title='bbox 437 968 486 993; x_wconf 91' lang='lat' dir='ltr'>ne</span> <span class='ocrx_word' id='word_1_69' title='bbox 515 961 553 993; x_wconf 91' lang='lat' dir='ltr'>te</span> <span class='ocrx_word' id='word_1_70' title='bbox 582 954 794 1005; x_wconf 87' lang='lat' dir='ltr'>videatque</span> <span class='ocrx_word' id='word_1_71' title='bbox 823 963 984 993; x_wconf 87' lang='lat' dir='ltr'>caveto:</span> 
     </span>
     <span class='ocr_line' id='line_1_13' title="bbox 143 1019 1154 1070; baseline 0 -13"><span class='ocrx_word' id='word_1_72' title='bbox 143 1026 371 1068; x_wconf 84' lang='lat' dir='ltr'>portentum</span> <span class='ocrx_word' id='word_1_73' title='bbox 401 1027 470 1066; x_wconf 89' lang='lat' dir='ltr'>est,</span> <span class='ocrx_word' id='word_1_74' title='bbox 502 1019 685 1070; x_wconf 87' lang='lat' dir='ltr'>quotiens</span> <span class='ocrx_word' id='word_1_75' title='bbox 715 1019 846 1070; x_wconf 88' lang='lat' dir='ltr'>coepit</span> <span class='ocrx_word' id='word_1_76' title='bbox 876 1020 1006 1069; x_wconf 84' lang='lat' dir='ltr'>imago</span> <span class='ocrx_word' id='word_1_77' title='bbox 1035 1019 1154 1069; x_wconf 87' lang='lat' dir='ltr'>loqui.</span> 
     </span>
    </p>
   </div>
   <div class='ocr_carea' id='block_1_6' title="bbox 613 1125 687 1164">
    <p class='ocr_par' dir='ltr' id='par_1_6' title="bbox 613 1125 687 1164">
     <span class='ocr_line' id='line_1_14' title="bbox 613 1125 687 1164; baseline -0.027 0"><span class='ocrx_word' id='word_1_78' title='bbox 613 1125 687 1164; x_wconf 90' lang='lat' dir='ltr'>CV</span> 
     </span>
    </p>
   </div>
   <div class='ocr_carea' id='block_1_7' title="bbox 92 1199 1135 1314">
    <p class='ocr_par' dir='ltr' id='par_1_7' title="bbox 92 1199 1135 1314">
     <span class='ocr_line' id='line_1_15' title="bbox 92 1199 1135 1251; baseline -0.001 -12"><span class='ocrx_word' id='word_1_79' title='bbox 92 1200 282 1239; x_wconf 80' lang='lat' dir='ltr'>Mittebas</span> <span class='ocrx_word' id='word_1_80' title='bbox 310 1200 462 1249; x_wconf 89' lang='lat' dir='ltr'>libram,</span> <span class='ocrx_word' id='word_1_81' title='bbox 494 1202 767 1251; x_wconf 82' lang='lat' dir='ltr'>quadrantem,</span> <span class='ocrx_word' id='word_1_82' title='bbox 801 1200 970 1247; x_wconf 82' lang='lat' dir='ltr'>Garrice,</span> <span class='ocrx_word' id='word_1_83' title='bbox 1003 1199 1135 1238; x_wconf 88' lang='lat' dir='ltr'>mittis.</span> 
     </span>
     <span class='ocr_line' id='line_1_16' title="bbox 143 1265 1009 1314; baseline -0.002 -9"><span class='ocrx_word' id='word_1_84' title='bbox 143 1268 283 1305; x_wconf 84' lang='lat' dir='ltr'>saltem</span> <span class='ocrx_word' id='word_1_85' title='bbox 313 1266 529 1314; x_wconf 85' lang='lat' dir='ltr'>semissem,</span> <span class='ocrx_word' id='word_1_86' title='bbox 561 1266 732 1312; x_wconf 83' lang='lat' dir='ltr'>Garrice,</span> <span class='ocrx_word' id='word_1_87' title='bbox 765 1267 872 1304; x_wconf 83' lang='lat' dir='ltr'>solve</span> <span class='ocrx_word' id='word_1_88' title='bbox 902 1265 1009 1304; x_wconf 89' lang='lat' dir='ltr'>mihi.</span> 
     </span>
    </p>
   </div>
   <div class='ocr_carea' id='block_1_8' title="bbox 600 1367 696 1405">
    <p class='ocr_par' dir='ltr' id='par_1_8' title="bbox 600 1367 696 1405">
     <span class='ocr_line' id='line_1_17' title="bbox 600 1367 696 1405; baseline -0.021 0"><span class='ocrx_word' id='word_1_89' title='bbox 600 1367 696 1405; x_wconf 90' lang='lat' dir='ltr'>CVI</span> 
     </span>
    </p>
   </div>
   <div class='ocr_carea' id='block_1_9' title="bbox 195 1442 1124 1613">
    <p class='ocr_par' dir='ltr' id='par_1_9' title="bbox 195 1442 1124 1613">
     <span class='ocr_line' id='line_1_18' title="bbox 195 1442 896 1490; baseline 0 -10"><span class='ocrx_word' id='word_1_90' title='bbox 195 1442 290 1481; x_wconf 90' lang='lat' dir='ltr'>Vibi</span> <span class='ocrx_word' id='word_1_91' title='bbox 321 1442 508 1490; x_wconf 86' lang='lat' dir='ltr'>Maxime,</span> <span class='ocrx_word' id='word_1_92' title='bbox 539 1442 571 1481; x_wconf 91' lang='lat' dir='ltr'>si</span> <span class='ocrx_word' id='word_1_93' title='bbox 600 1455 714 1481; x_wconf 81' lang='lat' dir='ltr'>vacas</span> <span class='ocrx_word' id='word_1_94' title='bbox 744 1443 896 1488; x_wconf 83' lang='lat' dir='ltr'>havere,</span> 
     </span>
     <span class='ocr_line' id='line_1_19' title="bbox 198 1509 1124 1558; baseline -0.003 -11"><span class='ocrx_word' id='word_1_95' title='bbox 198 1509 274 1547; x_wconf 88' lang='lat' dir='ltr'>hoe</span> <span class='ocrx_word' id='word_1_96' title='bbox 303 1515 457 1547; x_wconf 88' lang='lat' dir='ltr'>tantum</span> <span class='ocrx_word' id='word_1_97' title='bbox 487 1509 596 1558; x_wconf 90' lang='lat' dir='ltr'>lege:</span> <span class='ocrx_word' id='word_1_98' title='bbox 635 1521 808 1557; x_wconf 88' lang='lat' dir='ltr'>namque</span> <span class='ocrx_word' id='word_1_99' title='bbox 838 1515 876 1545; x_wconf 87' lang='lat' dir='ltr'>et</span> <span class='ocrx_word' id='word_1_100' title='bbox 906 1514 1124 1557; x_wconf 87' lang='lat' dir='ltr'>occupatus</span> 
     </span>
     <span class='ocr_line' id='line_1_20' title="bbox 195 1572 872 1613; baseline -0.004 0"><span class='ocrx_word' id='word_1_101' title='bbox 195 1582 234 1613; x_wconf 90' lang='lat' dir='ltr'>et</span> <span class='ocrx_word' id='word_1_102' title='bbox 263 1588 345 1613; x_wconf 89' lang='lat' dir='ltr'>non</span> <span class='ocrx_word' id='word_1_103' title='bbox 374 1587 416 1612; x_wconf 93' lang='lat' dir='ltr'>es</span> <span class='ocrx_word' id='word_1_104' title='bbox 446 1573 613 1611; x_wconf 89' lang='lat' dir='ltr'>nimium</span> <span class='ocrx_word' id='word_1_105' title='bbox 642 1572 872 1612; x_wconf 86' lang='lat' dir='ltr'>laboriosus.</span> 
     </span>
    </p>
   </div>
   <div class='ocr_carea' id='block_1_10' title="bbox 197 1637 1080 1690">
    <p class='ocr_par' dir='ltr' id='par_1_10' title="bbox 197 1637 1080 1690">
     <span class='ocr_line' id='line_1_21' title="bbox 197 1637 1080 1690; baseline -0.003 -12"><span class='ocrx_word' id='word_1_106' title='bbox 197 1639 359 1678; x_wconf 85' lang='lat' dir='ltr'>Transis</span> <span class='ocrx_word' id='word_1_107' title='bbox 387 1640 462 1678; x_wconf 92' lang='lat' dir='ltr'>hos</span> <span class='ocrx_word' id='word_1_108' title='bbox 491 1652 652 1690; x_wconf 84' lang='lat' dir='ltr'>quoque</span> <span class='ocrx_word' id='word_1_109' title='bbox 682 1640 896 1689; x_wconf 85' lang='lat' dir='ltr'>quattuor?</span> <span class='ocrx_word' id='word_1_110' title='bbox 935 1637 1080 1688; x_wconf 89' lang='lat' dir='ltr'>sapisti.</span> 
     </span>
    </p>
   </div>
   <div class='ocr_carea' id='block_1_11' title="bbox 584 1739 704 1778">
    <p class='ocr_par' dir='ltr' id='par_1_11' title="bbox 584 1739 704 1778">
     <span class='ocr_line' id='line_1_22' title="bbox 584 1739 704 1778; baseline -0.017 0"><span class='ocrx_word' id='word_1_111' title='bbox 584 1739 704 1778; x_wconf 91' lang='lat' dir='ltr'>CVII</span> 
     </span>
    </p>
   </div>
   <div class='ocr_carea' id='block_1_12' title="bbox 86 1807 1177 2058">
    <p class='ocr_par' dir='ltr' id='par_1_12' title="bbox 90 1807 1161 1926">
     <span class='ocr_line' id='line_1_23' title="bbox 90 1807 1161 1861; baseline -0.004 -12"><span class='ocrx_word' id='word_1_112' title='bbox 90 1810 331 1861; x_wconf 84' lang='lat' dir='ltr'>Explicitum</span> <span class='ocrx_word' id='word_1_113' title='bbox 360 1809 476 1848; x_wconf 92' lang='lat' dir='ltr'>nobis</span> <span class='ocrx_word' id='word_1_114' title='bbox 506 1823 632 1859; x_wconf 88' lang='lat' dir='ltr'>usque</span> <span class='ocrx_word' id='word_1_115' title='bbox 659 1810 711 1848; x_wconf 86' lang='lat' dir='ltr'>ad</span> <span class='ocrx_word' id='word_1_116' title='bbox 741 1823 812 1847; x_wconf 90' lang='lat' dir='ltr'>sua</span> <span class='ocrx_word' id='word_1_117' title='bbox 840 1821 989 1847; x_wconf 88' lang='lat' dir='ltr'>cornua</span> <span class='ocrx_word' id='word_1_118' title='bbox 1017 1807 1161 1846; x_wconf 93' lang='lat' dir='ltr'>librum</span> 
     </span>
     <span class='ocr_line' id='line_1_24' title="bbox 141 1873 1006 1926; baseline -0.005 -11"><span class='ocrx_word' id='word_1_119' title='bbox 141 1884 181 1915; x_wconf 92' lang='lat' dir='ltr'>et</span> <span class='ocrx_word' id='word_1_120' title='bbox 209 1875 321 1926; x_wconf 87' lang='lat' dir='ltr'>quasi</span> <span class='ocrx_word' id='word_1_121' title='bbox 350 1877 579 1926; x_wconf 86' lang='lat' dir='ltr'>perlectum,</span> <span class='ocrx_word' id='word_1_122' title='bbox 612 1873 847 1925; x_wconf 85' lang='lat' dir='ltr'>Septiciane,</span> <span class='ocrx_word' id='word_1_123' title='bbox 878 1875 1006 1912; x_wconf 90' lang='lat' dir='ltr'>refers.</span> 
     </span>
    </p>

    <p class='ocr_par' dir='ltr' id='par_1_13' title="bbox 86 1939 1177 2058">
     <span class='ocr_line' id='line_1_25' title="bbox 86 1939 1177 1992; baseline -0.005 -11"><span class='ocrx_word' id='word_1_124' title='bbox 86 1941 221 1981; x_wconf 89' lang='lat' dir='ltr'>omnia</span> <span class='ocrx_word' id='word_1_125' title='bbox 248 1940 386 1992; x_wconf 85' lang='lat' dir='ltr'>legisti.</span> <span class='ocrx_word' id='word_1_126' title='bbox 446 1941 592 1988; x_wconf 86' lang='lat' dir='ltr'>Credo,</span> <span class='ocrx_word' id='word_1_127' title='bbox 621 1939 714 1987; x_wconf 87' lang='lat' dir='ltr'>scio,</span> <span class='ocrx_word' id='word_1_128' title='bbox 745 1939 912 1989; x_wconf 85' lang='lat' dir='ltr'>gaudeo,</span> <span class='ocrx_word' id='word_1_129' title='bbox 943 1952 1079 1977; x_wconf 92' lang='lat' dir='ltr'>verum</span> <span class='ocrx_word' id='word_1_130' title='bbox 1108 1945 1177 1976; x_wconf 87' lang='lat' dir='ltr'>est.</span> 
     </span>
     <span class='ocr_line' id='line_1_26' title="bbox 141 2004 960 2058; baseline -0.005 -12"><span class='ocrx_word' id='word_1_131' title='bbox 141 2006 287 2058; x_wconf 86' lang='lat' dir='ltr'>perlegi</span> <span class='ocrx_word' id='word_1_132' title='bbox 315 2006 436 2045; x_wconf 87' lang='lat' dir='ltr'>libros</span> <span class='ocrx_word' id='word_1_133' title='bbox 466 2005 521 2044; x_wconf 90' lang='lat' dir='ltr'>sie</span> <span class='ocrx_word' id='word_1_134' title='bbox 551 2018 624 2055; x_wconf 87' lang='lat' dir='ltr'>ego</span> <span class='ocrx_word' id='word_1_135' title='bbox 654 2004 831 2055; x_wconf 85' lang='lat' dir='ltr'>quinque</span> <span class='ocrx_word' id='word_1_136' title='bbox 860 2011 960 2042; x_wconf 87' lang='lat' dir='ltr'>tuos.</span> 
     </span>
    </p>
   </div>
   <div class='ocr_carea' id='block_1_13' title="bbox 129 2107 1421 2195">
    <p class='ocr_par' dir='ltr' id='par_1_14' title="bbox 129 2107 1421 2195">
     <span class='ocr_line' id='line_1_27' title="bbox 134 2107 1038 2149; baseline -0.006 -6"><span class='ocrx_word' id='word_1_137' title='bbox 134 2112 198 2143; x_wconf 89' lang='lat' dir='ltr'>C11</span> <span class='ocrx_word' id='word_1_138' title='bbox 224 2111 299 2143; x_wconf 73' lang='lat' dir='ltr'>hab.</span> <span class='ocrx_word' id='word_1_139' title='bbox 324 2109 355 2142; x_wconf 88' lang='lat' dir='ltr'><em>T</em></span> <span class='ocrx_word' id='word_1_140' title='bbox 437 2111 458 2141; x_wconf 92' lang='lat'><strong>6</strong></span> <span class='ocrx_word' id='word_1_141' title='bbox 482 2109 561 2140; x_wconf 88' lang='lat' dir='ltr'>etsi</span> <span class='ocrx_word' id='word_1_142' title='bbox 579 2110 662 2149; x_wconf 80' lang='lat' dir='ltr'>(pro</span> <span class='ocrx_word' id='word_1_143' title='bbox 679 2109 741 2139; x_wconf 91' lang='lat' dir='ltr'>sibi</span> <span class='ocrx_word' id='word_1_144' title='bbox 755 2109 781 2148; x_wconf 76' lang='lat'>2)</span> <span class='ocrx_word' id='word_1_145' title='bbox 801 2109 878 2148; x_wconf 84' lang='lat' dir='ltr'>plus</span> <span class='ocrx_word' id='word_1_146' title='bbox 894 2108 987 2138; x_wconf 85' lang='lat' dir='ltr'>nulla</span> <span class='ocrx_word' id='word_1_147' title='bbox 1008 2107 1038 2138; x_wconf 88' lang='lat' dir='ltr'><em>T</em></span> 
     </span>
     <span class='ocr_line' id='line_1_28' title="bbox 129 2150 1421 2195; baseline -0.005 -8"><span class='ocrx_word' id='word_1_148' title='bbox 129 2156 190 2187; x_wconf 90' lang='lat' dir='ltr'>CV</span> <span class='ocrx_word' id='word_1_149' title='bbox 205 2155 278 2187; x_wconf 75' lang='lat' dir='ltr'>hab.</span> <span class='ocrx_word' id='word_1_150' title='bbox 297 2155 328 2186; x_wconf 91' lang='lat' dir='ltr'><em>T</em></span> <span class='ocrx_word' id='word_1_151' title='bbox 371 2164 399 2195; x_wconf 92' lang='lat'>1,</span> <span class='ocrx_word' id='word_1_152' title='bbox 416 2166 435 2185; x_wconf 91' lang='lat'>2</span> <span class='ocrx_word' id='word_1_153' title='bbox 454 2155 564 2185; x_wconf 85' lang='lat' dir='ltr'>carice</span> <span class='ocrx_word' id='word_1_154' title='bbox 574 2154 635 2182; x_wconf 72' lang='grc' dir='ltr'>ΑΛ</span> <span class='ocrx_word' id='word_1_155' title='bbox 646 2153 719 2194; x_wconf 76' lang='lat' dir='ltr'>&lt;sed</span> <span class='ocrx_word' id='word_1_156' title='bbox 727 2153 760 2183; x_wconf 82' lang='lat' dir='ltr'>in</span> <span class='ocrx_word' id='word_1_157' title='bbox 774 2153 886 2183; x_wconf 69' lang='lat' dir='ltr'>lenem.</span> <span class='ocrx_word' id='word_1_158' title='bbox 899 2162 946 2182; x_wconf 71' lang='lat' dir='ltr'>An</span> <span class='ocrx_word' id='word_1_159' title='bbox 957 2150 1157 2190; x_wconf 76' lang='lat' dir='ltr'>GARRlcvm)</span> <span class='ocrx_word' id='word_1_160' title='bbox 1169 2151 1223 2181; x_wconf 80' lang='grc' dir='ltr'>ΒΑ</span> <span class='ocrx_word' id='word_1_161' title='bbox 1346 2150 1421 2182; x_wconf 90' lang='lat' dir='ltr'>CVI</span> 
     </span>
    </p>
   </div>
   <div class='ocr_carea' id='block_1_14' title="bbox 84 2205 1422 2404">
    <p class='ocr_par' dir='ltr' id='par_1_15' title="bbox 84 2205 1422 2404">
     <span class='ocr_line' id='line_1_29' title="bbox 786 2205 802 2221; baseline 0 0"><span class='ocrx_word' id='word_1_162' title='bbox 786 2205 802 2221; x_wconf 80' lang='lat' dir='ltr'>U</span> 
     </span>
     <span class='ocr_line' id='line_1_30' title="bbox 89 2228 1421 2271; baseline -0.005 -7"><span class='ocrx_word' id='word_1_163' title='bbox 89 2243 102 2264; x_wconf 86' lang='lat'>1</span> <span class='ocrx_word' id='word_1_164' title='bbox 128 2233 196 2264; x_wconf 88' lang='lat' dir='ltr'>Vbi</span> <span class='ocrx_word' id='word_1_165' title='bbox 223 2232 273 2264; x_wconf 67' lang='lat' dir='ltr'>CA</span> <span class='ocrx_word' id='word_1_166' title='bbox 370 2229 520 2262; x_wconf 80' lang='lat' dir='ltr'>habuere</span> <span class='ocrx_word' id='word_1_167' title='bbox 542 2230 598 2261; x_wconf 76' lang='grc' dir='ltr'>ΒΑ</span> <span class='ocrx_word' id='word_1_168' title='bbox 617 2231 698 2271; x_wconf 79' lang='lat' dir='ltr'>(pro</span> <span class='ocrx_word' id='word_1_169' title='bbox 714 2230 851 2266; x_wconf 82' lang='lat' dir='ltr'>habere,</span> <span class='ocrx_word' id='word_1_170' title='bbox 870 2230 888 2260; x_wconf 87' lang='lat' dir='ltr'>i.</span> <span class='ocrx_word' id='word_1_171' title='bbox 901 2241 924 2260; x_wconf 76' lang='lat' dir='ltr'>e.</span> <span class='ocrx_word' id='word_1_172' title='bbox 944 2230 1022 2259; x_wconf 84' lang='lat' dir='ltr'>hab·</span> <span class='ocrx_word' id='word_1_173' title='bbox 1040 2239 1117 2260; x_wconf 84' lang='lat' dir='ltr'>corr.</span> <span class='ocrx_word' id='word_1_174' title='bbox 1138 2228 1235 2269; x_wconf 82' lang='lat' dir='ltr'>hav-)</span> <span class='ocrx_word' id='word_1_175' title='bbox 1253 2239 1259 2258; x_wconf 94' lang='lat'>:</span> <span class='ocrx_word' id='word_1_176' title='bbox 1295 2228 1421 2259; x_wconf 85' lang='lat' dir='ltr'>habere</span> 
     </span>
     <span class='ocr_line' id='line_1_31' title="bbox 88 2271 1422 2315; baseline -0.005 -6"><span class='ocrx_word' id='word_1_177' title='bbox 88 2276 138 2309; x_wconf 75' lang='lat' dir='ltr'>CA</span> <span class='ocrx_word' id='word_1_178' title='bbox 241 2287 261 2307; x_wconf 84' lang='lat'><em>2</em></span> <span class='ocrx_word' id='word_1_179' title='bbox 279 2276 359 2315; x_wconf 64' lang='lat' dir='ltr'>hoc]</span> <span class='ocrx_word' id='word_1_180' title='bbox 386 2276 420 2306; x_wconf 93' lang='lat' dir='ltr'>H</span> <span class='ocrx_word' id='word_1_181' title='bbox 438 2279 476 2306; x_wconf 82' lang='lat' dir='ltr'>ut</span> <span class='ocrx_word' id='word_1_182' title='bbox 491 2275 555 2306; x_wconf 84' lang='lat' dir='ltr'>vid.</span> <span class='ocrx_word' id='word_1_183' title='bbox 572 2275 627 2305; x_wconf 80' lang='grc' dir='ltr'>ΒΑ</span> <span class='ocrx_word' id='word_1_184' title='bbox 645 2275 704 2314; x_wconf 76' lang='lat' dir='ltr'>(ita</span> <span class='ocrx_word' id='word_1_185' title='bbox 721 2273 749 2304; x_wconf 92' lang='lat' dir='ltr'><em>L</em></span> <span class='ocrx_word' id='word_1_186' title='bbox 764 2285 770 2304; x_wconf 92' lang='lat'><strong>:</strong></span> <span class='ocrx_word' id='word_1_187' title='bbox 798 2274 875 2304; x_wconf 91' lang='lat' dir='ltr'>Non</span> <span class='ocrx_word' id='word_1_188' title='bbox 895 2273 924 2313; x_wconf 79' lang='lat' dir='ltr'><em>Q</em></span> <span class='ocrx_word' id='word_1_189' title='bbox 939 2285 946 2304; x_wconf 75' lang='lat' dir='ltr'>z</span> <span class='ocrx_word' id='word_1_190' title='bbox 972 2273 1049 2304; x_wconf 91' lang='lat' dir='ltr'>Hoc</span> <span class='ocrx_word' id='word_1_191' title='bbox 1067 2272 1134 2314; x_wconf 88' lang='lat' dir='ltr'>Pf)</span> <span class='ocrx_word' id='word_1_192' title='bbox 1244 2283 1263 2311; x_wconf 94' lang='lat'><strong>4</strong></span> <span class='ocrx_word' id='word_1_193' title='bbox 1288 2271 1352 2302; x_wconf 90' lang='lat' dir='ltr'>hoe</span> <span class='ocrx_word' id='word_1_194' title='bbox 1373 2271 1422 2302; x_wconf 71' lang='lat' dir='ltr'>CA</span> 
     </span>
     <span class='ocr_line' id='line_1_32' title="bbox 84 2318 718 2360; baseline -0.003 -8"><span class='ocrx_word' id='word_1_195' title='bbox 84 2320 214 2360; x_wconf 82' lang='lat' dir='ltr'>sapisti]</span> <span class='ocrx_word' id='word_1_196' title='bbox 232 2320 260 2351; x_wconf 85' lang='lat' dir='ltr'>si</span> <span class='ocrx_word' id='word_1_197' title='bbox 277 2320 369 2359; x_wconf 83' lang='lat' dir='ltr'>sapis</span> <span class='ocrx_word' id='word_1_198' title='bbox 386 2318 443 2349; x_wconf 82' lang='lat' dir='ltr'>BA</span> <span class='ocrx_word' id='word_1_199' title='bbox 460 2321 471 2359; x_wconf 86' lang='lat'>(</span> <span class='ocrx_word' id='word_1_200' title='bbox 480 2324 542 2359; x_wconf 85' lang='lat' dir='ltr'>pro</span> <span class='ocrx_word' id='word_1_201' title='bbox 557 2319 678 2358; x_wconf 84' lang='lat' dir='ltr'>sapissi</span> <span class='ocrx_word' id='word_1_202' title='bbox 692 2320 718 2357; x_wconf 72' lang='lat'>2)</span> 
     </span>
     <span class='ocr_line' id='line_1_33' title="bbox 129 2360 859 2404; baseline -0.005 -9"><span class='ocrx_word' id='word_1_203' title='bbox 129 2365 224 2395; x_wconf 91' lang='lat' dir='ltr'>CVII</span> <span class='ocrx_word' id='word_1_204' title='bbox 250 2374 270 2394; x_wconf 86' lang='lat'><em>2</em></span> <span class='ocrx_word' id='word_1_205' title='bbox 295 2364 481 2404; x_wconf 86' lang='lat' dir='ltr'>perlectum</span> <span class='ocrx_word' id='word_1_206' title='bbox 499 2362 553 2393; x_wconf 74' lang='grc' dir='ltr'>ΒΑ</span> <span class='ocrx_word' id='word_1_207' title='bbox 571 2373 578 2393; x_wconf 90' lang='lat'>:</span> <span class='ocrx_word' id='word_1_208' title='bbox 604 2362 791 2402; x_wconf 87' lang='lat' dir='ltr'>perfectum</span> <span class='ocrx_word' id='word_1_209' title='bbox 811 2360 859 2391; x_wconf 69' lang='lat' dir='ltr'>CA</span> 
     </span>
    </p>
   </div>
   <div class='ocr_carea' id='block_1_15' title="bbox 129 2406 1334 2478">
    <p class='ocr_par' dir='ltr' id='par_1_16' title="bbox 129 2406 1334 2478">
     <span class='ocr_line' id='line_1_34' title="bbox 129 2406 1334 2478; baseline -0.007 -39"><span class='ocrx_word' id='word_1_210' title='bbox 129 2408 225 2439; x_wconf 89' lang='lat' dir='ltr'>CVII</span> <span class='ocrx_word' id='word_1_211' title='bbox 250 2418 270 2447; x_wconf 89' lang='lat'><strong>4</strong></span> <span class='ocrx_word' id='word_1_212' title='bbox 295 2407 425 2447; x_wconf 83' lang='lat' dir='ltr'>Quinte</span> <span class='ocrx_word' id='word_1_213' title='bbox 443 2406 604 2437; x_wconf 82' lang='lat' dir='ltr'>Heinsius</span> <span class='ocrx_word' id='word_1_214' title='bbox 1275 2447 1334 2478; x_wconf 70' lang='lat'>18*</span> 
     </span>
    </p>
   </div>
  </div>
 </body>
</html>
