1648 2729
169 132 225 168 M.
256 131 379 168 VAL.
413 131 455 168 M
463 131 727 169 ARTIALIS

709 245 747 280 V

166 308 203 345 Si
235 307 487 355 desiderium,
519 309 675 356 Caesar,
706 307 923 358 populique
952 316 1187 358 patrumque

220 373 379 423 respicis
409 381 447 412 et
477 373 614 411 Latiae
643 373 786 423 gaudia
816 386 907 412 vera
941 381 1066 423 togae,

166 440 287 477 redde
316 440 436 477 deum
465 438 566 477 votis
595 438 863 489 poscentibus.
922 438 1072 477 invidet
1101 438 1205 477 hosti

222 506 351 542 Roma
380 517 464 551 suo,
495 503 626 542 veniat
653 506 785 543 laurea
813 505 937 542 multa
964 503 1079 542 licet:

165 578 352 607 terrarum
383 568 590 608 dominum
620 569 782 619 propius
810 568 918 607 videt
946 568 1011 607 ille
1040 576 1189 619 tuoque

218 641 382 672 terretur
410 635 519 672 vultu
549 633 737 672 barbarus
767 641 805 672 et
834 633 981 672 fruitur.

695 706 754 742 VI

166 769 322 820 Ecquid
353 769 622 819 Hyperboreis
651 771 702 808 ad
732 783 804 808 nos
834 782 1046 808 conversus
1075 770 1126 807 ab
1156 767 1232 807 oris

217 834 415 873 Ausonias
446 835 591 874 Caesar
619 834 697 873 iarn
727 842 836 885 parat
864 834 919 873 ire
947 834 1062 873 vias?

164 908 291 938 certus
320 901 432 939 abest
461 907 600 939 auctor
629 901 699 939 sed
728 914 803 938 vox
832 901 910 938 hoc
940 899 1095 938 nuntiat
1124 898 1279 938 omnis:

217 967 336 1004 credo
366 965 447 1013 tibi,
479 979 614 1004 verum
644 965 785 1013 dicere,
818 967 950 1013 Fama,
982 966 1095 1004 soles.

163 1030 323 1080 publica
350 1031 528 1070 victrices
558 1038 750 1069 testantur
778 1030 922 1081 gaudia
952 1032 1120 1077 chartae,
1484 1046 1501 1077 5

219 1096 363 1135 Martia
390 1096 579 1147 laurigera
608 1096 773 1146 cuspide
801 1095 880 1145 pila
908 1095 1043 1134 virent.

163 1174 306 1209 rursus,
335 1161 385 1208 io,
416 1175 581 1211 magnos
611 1162 754 1199 clamat
783 1160 855 1199 tibi
886 1161 1017 1198 Roma
1045 1159 1266 1210 triumphos

218 1238 489 1276 1NV1chsque
518 1233 596 1273 tua,
629 1227 785 1273 Caesar,
815 1225 856 1263 in
885 1225 983 1264 urbe
1012 1238 1141 1264 sonas.

163 1292 232 1330 sed
262 1291 339 1330 iarn
369 1291 539 1330 laetitiae
569 1304 649 1341 quo
679 1290 903 1334 sitKfiducia
931 1289 1066 1338 maior,

217 1356 455 1394 Sarmaticae
484 1358 614 1394 laurus
644 1355 807 1394 nuntius
837 1355 922 1405 ipse
951 1354 1051 1394 veni.
1331 1391 1333 1393 ,
1460 1369 1500 1392 10

678 1428 761 1464 VII

164 1492 345 1530 Hiberna
375 1492 553 1542 quamvis
584 1494 726 1530 Arctos
756 1499 794 1530 et
824 1491 932 1530 rudis
963 1493 1093 1530 Peuce

162 1565 200 1595 et
229 1559 461 1608 ungularum
494 1557 672 1608 pulsibus
702 1558 835 1596 calens
866 1556 1004 1595 Hister

161 1623 386 1672 fractusque
415 1636 538 1661 cornu
568 1622 646 1660 iarn
676 1629 734 1660 ter
762 1622 932 1672 inprobo
963 1622 1130 1659 Rhenus

161 1694 293 1725 teneat
322 1689 552 1726 domantem
582 1701 700 1737 regna
729 1688 902 1737 perfidae
930 1685 1057 1737 gentis

161 1760 210 1799 te,
242 1765 397 1790 summe
425 1751 565 1791 mundi
594 1760 721 1790 rector
749 1759 788 1790 et
816 1765 958 1802 parens
987 1750 1115 1790 orbis:
1481 1766 1498 1797 5

161 1818 300 1855 abesse
329 1817 471 1855 nostris
502 1831 582 1856 non
612 1824 745 1856 tamen
775 1824 888 1867 potes
917 1815 1028 1855 votis.

162 1881 239 1920 illic
269 1889 307 1920 et
336 1881 459 1920 oculis
490 1890 528 1921 et
556 1881 698 1920 animis
728 1895 875 1929 sumus,
908 1882 1064 1928 Caesar,

161 1948 343 1997 adeoque
373 1955 525 1985 mentes
555 1947 735 1986 omnium
765 1955 876 1985 tenes
905 1960 1007 1985 unus

163 2019 204 2050 ut
233 2012 319 2062 ipsa
348 2011 478 2062 magni
509 2013 622 2051 turba
651 2011 800 2051 nesciat
830 2011 935 2052 Circi

163 2084 346 2115 utrumne
375 2084 503 2115 currat
533 2077 760 2115 Passerinus
789 2091 840 2115 an
870 2076 1008 2127 Tigris.
1457 2090 1498 2113 10

206 2180 236 2210 V
262 2189 275 2209 1
302 2180 529 2220 populumque
549 2180 598 2211 CA
736 2190 757 2219 3
781 2180 868 2210 hosti
892 2180 966 2210 Ital.
986 2191 993 2210 :
1020 2179 1126 2210 hostis
1151 2180 1228 2219 (acc.
1252 2178 1338 2219 plur.
1353 2177 1378 2219 ³)
1407 2177 1497 2208 codd.

161 2224 207 2254 VI
233 2234 283 2254 vv.
303 2234 390 2262 3-10
412 2225 486 2255 hab.
510 2223 541 2254 T
623 2223 712 2254 Null.
731 2224 855 2253 lemma
872 2224 905 2253 in
923 2223 979 2253 BA
995 2223 1102 2264 (confl.
1123 2233 1196 2253 cum
1213 2222 1244 2252 V
1261 2222 1305 2260 L)
1414 2231 1428 2252 1
1455 2221 1503 2257 Etr

163 2267 243 2306 quid
262 2267 311 2297 CA
329 2269 421 2307 (cum
437 2266 483 2307 L)
504 2268 581 2308 (pro
599 2267 702 2306 Ecq-)
789 2277 808 2305 5
833 2277 904 2306 sqq.
925 2277 998 2298 nov.
1017 2267 1116 2307 epigr.
1134 2266 1193 2295 ΑΑ
1269 2275 1289 2304 5
1314 2265 1449 2306 puplica
1471 2265 1502 2296 T

163 2312 183 2340 6
203 2310 392 2349 laurigerae
411 2311 460 2341 CA
545 2311 565 2340 8
588 2311 782 2350 inuitusque
793 2311 869 2341 AA:
890 2311 1104 2349 inuictusque
1113 2308 1220 2339 BACA
1382 2308 1448 2339 VII
1476 2317 1497 2348 3

163 2354 374 2393 fractumque
387 2354 434 2384 CA
517 2364 621 2384 cornu
639 2354 720 2387 iam]
740 2355 885 2384 cor-uiam
903 2354 957 2384 ΒΑ
1062 2353 1236 2392 improbus
1251 2351 1308 2383 BA
1323 2363 1330 2383 :
1353 2351 1496 2392 inprobo

167 2397 214 2426 CA
304 2407 323 2435 5
348 2408 413 2428 om.
433 2398 486 2427 ΒΑ
547 2407 678 2428 summe
694 2397 769 2428 Ital.
789 2409 796 2428 :
827 2397 946 2428 summi
964 2397 1029 2428 cod.
1079 2401 1112 2427 et
1128 2396 1203 2428 Ital.
1221 2408 1228 2428 :
1252 2400 1286 2427 te
1299 2395 1385 2427 cod.-
1457 2405 1499 2427 10

166 2440 362 2480 passarinus
378 2440 431 2471 ΒΑ
521 2452 563 2472 an
583 2440 660 2472 BA:
684 2446 741 2472 aut
759 2441 806 2472 CA
