1648 2729
783 167 1252 206 EPIGRAMMATON
1284 167 1387 204 LIB.
1425 168 1438 202 I

612 282 671 319 IV

109 351 330 403 Contigeris
361 359 526 398 nostrOS‚
559 352 715 397 Caesar,
748 350 779 388 si
809 351 907 388 forte
937 349 1101 395 libellos,

162 427 350 457 terrarum
380 417 590 456 dominum
620 430 725 467 pone
755 415 1018 466 supercilium.

108 497 348 523 consuevere
378 483 486 522 iocos
515 483 633 521 vestri
663 496 822 532 quoque
852 483 950 520 ferre
980 480 1179 531 triumphi,

163 549 365 588 materiam
396 548 510 587 dictis
541 562 614 587 nec
643 549 768 598 pudet
797 560 882 585 esse
912 548 1067 585 ducem.

108 629 187 666 qua
215 616 437 664 Thymelen
467 621 621 664 spectas
651 613 946 662 derisoremque
977 611 1174 657 Latinum,

163 681 228 719 illa
256 682 384 719 fronte
414 693 551 730 precor
580 679 756 718 carmina
784 686 917 716 nostra
946 679 1062 727 legas.

109 746 303 784 innocuos
333 759 498 783 censura
527 752 657 795 potest
686 744 911 795 permittere
940 745 1073 781 lusus:

163 810 307 849 lasciva
337 818 395 849 est
425 810 541 849 nobis
572 810 724 861 pagina,
757 809 836 848 vita
865 809 999 860 proba.

625 910 662 945 V

114 982 177 1018 Do
207 979 278 1018 tibi
308 978 597 1025 naumachiam,
630 986 671 1017 tu
702 980 773 1017 das
803 978 1086 1029 epigrammata
1115 977 1254 1015 nobis:

164 1045 232 1092 vis,
264 1053 372 1096 puto,
403 1059 495 1084 cum
525 1045 637 1092 libro,
670 1046 817 1091 Marce,
849 1051 982 1082 natare
1011 1051 1091 1082 tuo.

609 1144 669 1180 VI

111 1214 317 1254 Aetherias
346 1213 478 1264 aquila
507 1227 672 1264 puerum
702 1220 883 1263 portante
913 1226 981 1263 per
1009 1225 1121 1250 auras

164 1280 356 1319 inlaesum
386 1279 535 1318 timidis
565 1279 762 1329 unguibus
792 1278 918 1317 haesit
947 1292 1071 1317 onus:

113 1359 219 1384 nunc
249 1359 319 1384 sua
349 1346 565 1385 Caesareos
595 1353 728 1383 exorat
758 1345 904 1394 praeda
932 1345 1067 1382 leones

165 1418 272 1449 tutus
302 1418 340 1449 et
370 1410 519 1461 ingenti
549 1409 649 1448 ludit
678 1410 719 1448 in
749 1423 815 1448 ore
845 1410 967 1459 lepus.

112 1489 214 1526 quae
244 1475 393 1514 maiora
421 1483 535 1525 putas
566 1474 782 1513 miracula?
825 1487 1003 1513 summus
1033 1473 1207 1523 utrisque
1430 1488 1447 1518 5

164 1548 302 1580 auctor
329 1542 466 1579 adest:
505 1541 604 1578 haec
633 1547 724 1578 sunt
754 1539 944 1586 Caesaris,
976 1539 1041 1577 illa
1071 1538 1186 1577 Iovis.

597 1634 680 1671 VII

219 1706 363 1744 Stellae
392 1703 578 1743 delicium
610 1703 688 1742 mei
716 1704 913 1750 columba,

220 1772 380 1809 Verona
409 1769 499 1808 licet
528 1769 715 1807 audiente
745 1769 887 1816 dicam,

220 1835 323 1882 vicit,
356 1834 543 1882 Maxime,
574 1848 773 1885 passerem
803 1834 959 1874 Catulli.

222 1908 332 1939 tanto
362 1901 483 1939 Stella
512 1914 624 1939 meus
654 1908 722 1938 tuo
753 1901 912 1939 Catullo

222 1973 372 2016 quanto
402 1979 559 2016 passere
589 1965 714 2004 maior
742 1972 801 2003 est
830 1965 1027 2003 columba.
1431 1979 1447 2009 5

590 2063 699 2102 VIII

114 2137 237 2186 Quod
267 2135 398 2186 magni
427 2137 627 2173 Thraseae
656 2133 1002 2184 consummatique
1032 2132 1196 2173 Catonis

167 2202 354 2251 dogmata
383 2200 438 2239 sic
468 2199 643 2250 sequeris
674 2201 802 2238 salvos
831 2206 874 2237 ut
904 2212 990 2237 esse
1018 2198 1126 2245 velis,

159 2299 205 2330 IV
225 2299 297 2330 hab.
317 2298 358 2363 b}
465 2298 486 2328 8
509 2298 615 2338 proba
629 2297 744 2328 AACA
758 2296 935 2327 Ausonius
949 2296 1111 2327 XXVIII
1123 2296 1212 2335 (cent.
1232 2295 1339 2337 nupt.)
1359 2306 1388 2334 4,
1406 2297 1426 2325 6
1444 2308 1450 2326 t

113 2342 472 2417 prssaxessltaufimacmas
488 2385 564 2415 BA:
589 2384 819 2415 naumachiam
838 2384 887 2415 CA

157 2429 204 2459 VI
230 2439 249 2468 5
274 2431 425 2469 utrisque
441 2429 518 2460 BA:
540 2429 673 2468 utrique
693 2428 742 2458 CA

158 2473 240 2504 VIII
266 2474 337 2504 hab.
363 2473 397 2504 T.
530 2483 550 2502 2
574 2473 686 2503 saluos
704 2470 808 2512 Quus)
826 2471 964 2502 AABA:
987 2470 1064 2501 talis
1082 2470 1132 2501 CA
