1648 2729
223 165 280 202 M.
311 165 434 202 VAL.
469 165 785 203 MARTIALIS

221 277 299 316 hoc
329 290 491 327 quoque
520 276 552 315 si
581 277 692 324 derit,
725 279 878 317 medios
909 277 1128 327 discingere
1157 279 1281 317 lectos

275 357 582 393 mensarumque
611 345 734 393 pedes
763 357 845 382 non
875 342 987 382 timet
1018 345 1307 393 Hermogenes.

219 409 400 458 quamvis
429 422 511 447 non
542 409 703 448 modico
732 411 886 448 caleant
915 410 1140 459 spectacula
1169 411 1263 456 sole,
1526 427 1564 459 15

274 476 360 513 vela
389 476 634 513 reducuntur
662 488 754 513 cum
783 474 891 513 venit
921 476 1210 525 Hermogenes.

219 539 407 578 festinant
437 540 580 591 trepidi
610 540 875 590 substringere
905 540 1068 578 carbasa
1097 548 1252 587 nautae,

272 607 324 644 ad
353 613 513 656 portum
543 606 728 656 quotiens
757 605 885 656 paruit
916 608 1205 656 Hermogenes.

219 671 370 721 linigeri
398 671 553 722 fugiunt
584 671 682 710 calvi
713 671 946 722 sistrataque
975 672 1101 719 turba,

272 738 374 777 inter
401 740 612 777 adorantes
643 752 734 776 curn
765 738 871 776 stetit
902 740 1191 788 Hermogenes.
1521 755 1563 776 20

217 805 268 842 ad
298 817 438 842 cenam
470 806 748 854 Hermogenes
775 817 961 854 mappam
992 817 1073 842 non
1103 803 1233 842 attulit
1262 817 1463 855 umquam,

272 884 295 908 a
324 883 423 909 cena
452 883 608 920 semper
636 869 784 908 rettulit
814 871 1103 920 Hermogenes.

606 960 749 996 XXIX
779 957 955 1009 (XXVI)

218 1031 420 1080 Sexagena
449 1037 550 1069 teras
580 1043 671 1068 cum
702 1029 839 1067 limina
869 1042 986 1068 mane
1016 1036 1184 1076 senator,

271 1109 357 1134 esse
386 1095 458 1134 tibi
486 1095 624 1134 videor
653 1094 876 1134 desidiosus
905 1108 1039 1145 eques,

216 1163 325 1211 quod
356 1175 437 1199 non
467 1175 490 1199 a
518 1160 645 1211 prima
674 1160 889 1199 discurram
920 1162 1008 1199 luce
1038 1174 1107 1211 per
1135 1160 1275 1199 urbem

270 1234 309 1266 et
337 1228 502 1266 referam
532 1229 656 1265 lassus
686 1226 796 1265 basia
826 1225 932 1264 mille
961 1227 1139 1264 domum.

215 1294 285 1331 sed
315 1300 367 1339 tu,
400 1292 605 1343 purpureis
635 1300 678 1330 ut
707 1294 778 1331 des
807 1305 911 1330 nova
940 1291 1105 1331 nomina
1132 1291 1241 1331 fastis
1539 1310 1556 1340 5

269 1366 336 1396 aut
366 1359 598 1397 Nomadum
628 1365 765 1408 gentes
796 1358 1135 1408 Cappadocumve
1163 1366 1299 1408 petas:

214 1432 254 1462 at
284 1424 391 1472 mihi,
424 1437 543 1474 quem
574 1423 682 1474 cogis
712 1422 866 1461 medios
894 1423 1130 1474 abrumpere
1159 1436 1321 1462 somnos

270 1497 308 1528 et
337 1489 575 1528 matutinum
606 1491 704 1528 ferre
733 1488 896 1539 patique
919 1490 1058 1535 lutum,

215 1555 312 1605 quid
341 1555 516 1605 petitur?
573 1557 709 1605 Rupta
737 1568 828 1592 cum
859 1567 928 1604 pes
958 1567 1079 1604 vagus
1109 1553 1186 1592 exit
1219 1555 1327 1592 aluta

269 1628 308 1660 et
336 1620 490 1659 subitus
520 1634 673 1659 crassae
702 1619 852 1658 decidit
881 1619 1009 1658 imber
1036 1633 1164 1675 aquae
1520 1629 1557 1657 ιο

215 1699 289 1725 nee
317 1686 425 1725 venit
454 1686 595 1725 ablatis
624 1687 816 1725 clamatus
845 1699 965 1724 verna
997 1685 1174 1732 lacernis,

267 1752 423 1791 accedit
451 1752 622 1802 gelidam
653 1765 786 1790 servus
816 1752 867 1790 ad
896 1750 1123 1797 auriculam,

214 1825 252 1856 et
285 1819 441 1868 ‘Rogat
470 1825 513 1856 ut
542 1831 678 1856 secum
708 1830 826 1855 cenes
856 1815 1084 1855 Laetorius'
1113 1815 1253 1866 inquit.

267 1883 417 1934 Viginti
446 1883 650 1922 nummis?
687 1897 769 1921 non
799 1896 895 1933 ego:
936 1884 1041 1920 malo
1070 1884 1215 1920 famem

213 1963 332 2000 quarn
363 1949 411 1987 sit
441 1963 540 1988 cena
569 1948 677 1996 mihi,
708 1948 779 1987 tibi
808 1948 858 1987 sit
886 1948 1088 1999 provincia
1117 1961 1290 2001 merces,
1519 1962 1555 1993 ¹5

267 2023 305 2053 et
334 2014 524 2053 faciamus
554 2014 660 2053 idem
691 2028 766 2052 nec
796 2027 1018 2052 mereamur
1045 2013 1164 2052 idem.

319 2163 467 2210 Siccus,
499 2162 653 2201 sobrius
683 2171 741 2201 est
771 2165 879 2212 Aper
896 2177 905 2210 3
944 2162 1040 2212 quid
1069 2162 1121 2200 ad
1151 2163 1248 2199 me?

319 2242 475 2267 servum
506 2228 561 2266 sic
591 2242 664 2278 ego
694 2229 827 2276 laudo,
857 2241 939 2266 non
968 2227 1153 2265 amicum.

255 2331 409 2363 XXVIII
438 2342 477 2371 13
507 2332 615 2362 deerit
632 2332 696 2363 cod.

255 2376 377 2406 XXIX
401 2387 468 2407 om.
490 2376 539 2407 CA
667 2386 680 2406 1
700 2375 882 2414 Sexagena
902 2374 1060 2405 Vossius:
1085 2373 1272 2413 Sexaginta
1289 2372 1356 2404 cod.
1533 2375 1555 2403 6

212 2420 394 2450 numadum
424 2420 517 2451 cod.:
548 2430 627 2451 corr.
651 2419 899 2451 Schneidewin:
936 2419 1110 2449 numidum
1131 2417 1207 2448 Isal.
1268 2427 1367 2456 regas
1391 2415 1556 2448 Heinsius

213 2473 249 2494 11
276 2464 430 2495 clauatus
447 2475 487 2494 ex
502 2464 561 2494 -tis
579 2464 607 2494 L
799 2473 838 2493 12
861 2462 990 2500 gelidas
1009 2462 1037 2492 L
1133 2467 1169 2492 ut
1186 2462 1243 2492 BA
1259 2462 1334 2502 (pro
1350 2465 1396 2498 at,
1416 2462 1433 2491 i.
1442 2472 1464 2492 e.
1486 2461 1528 2491 ad
1544 2472 1552 2499 ;

210 2518 230 2538 u
243 2512 307 2548 pro
323 2518 342 2539 a
355 2509 381 2548 2)
398 2519 405 2538 :
429 2508 471 2538 ad
491 2507 541 2538 CA
806 2506 909 2537 XXX
934 2517 953 2536 2
973 2516 1094 2537 seruus
1111 2504 1139 2535 L
