1648 2729
457 613 524 659 M.
575 610 736 659 VAL.
789 610 1198 659 MARTIALIS

516 745 1125 793 EPIGRAMMATON

680 879 853 916 LIBER
893 879 954 915 IX

212 984 354 1030 HAVE,
384 982 437 1020 mi
471 982 631 1030 Torani,
664 984 781 1021 frater
815 981 1024 1020 carissime.
1086 980 1350 1032 Epigramma,
1383 985 1492 1033 quod

155 1055 261 1086 extra
299 1047 479 1086 ordinem
514 1047 745 1098 paginarum
784 1054 853 1095 est,
886 1048 938 1085 ad
971 1046 1199 1085 Stertinium
1233 1048 1492 1086 clarissimum

155 1112 281 1151 virum
315 1113 553 1163 scripsimus,
590 1112 658 1163 qui
692 1112 905 1163 imaginem
937 1125 1067 1150 meam
1100 1125 1248 1162 ponere
1280 1112 1320 1151 in
1355 1113 1493 1152 biblio-

155 1179 270 1216 theca
308 1191 377 1216 sua
415 1178 548 1217 voluit.
609 1180 672 1217 De
711 1192 791 1228 quo
839 1177 1093 1216 scribendum
1137 1177 1209 1216 tibi
1247 1178 1392 1229 putavi,
1442 1193 1492 1218 ne

154 1243 351 1293 ignorares
390 1243 530 1282 Avitus
569 1243 642 1282 iste
680 1243 767 1294 quis
797 1250 1014 1282 vocaretur.
1081 1244 1180 1282 Vale
1218 1251 1257 1282 et
1295 1257 1387 1294 para
1425 1245 1492 1283 ho-

154 1308 328 1359 spitium.

155 1398 271 1444 Note,
304 1397 394 1436 licet
424 1397 537 1445 nolis,
569 1397 729 1436 sublimi
758 1404 918 1448 pectore
947 1404 1065 1443 vates,

208 1462 272 1500 cui
300 1463 439 1501 referet
468 1476 575 1501 serus
605 1462 779 1513 praemia
808 1462 928 1512 digna
957 1461 1066 1508 cinis,

154 1528 230 1565 hoc
260 1526 331 1565 tibi
360 1527 434 1565 sub
463 1535 596 1566 nostra
625 1528 743 1566 breve
771 1541 930 1566 carmen
960 1525 1130 1576 imagine
1158 1525 1273 1574 vivat,

207 1605 327 1642 quam
357 1605 438 1630 non
469 1592 645 1630 obscuris
675 1591 813 1643 iungis,
846 1591 972 1639 Avite,
1005 1591 1121 1629 viris:

155 1658 250 1695 ‘Ille
280 1671 353 1707 ego
382 1670 470 1695 sum
500 1657 596 1695 nulli
625 1671 817 1707 nugarum
847 1658 964 1695 laude
994 1657 1202 1703 secundus,
1472 1674 1490 1706 5

207 1736 326 1772 quern
356 1736 437 1760 non
466 1722 615 1760 miraris
645 1723 715 1761 sed
744 1730 852 1772 puto,
884 1723 1015 1769 lector,
1047 1734 1167 1759 amas.

154 1787 319 1826 maiores
349 1787 497 1826 maiora
525 1795 690 1826 sonent:
730 1787 826 1825 mihi
855 1801 973 1838 parva
1001 1788 1135 1825 locuto

206 1852 347 1891 sufficit
377 1853 416 1891 in
445 1860 591 1892 vestras
621 1867 738 1903 saepe
767 1853 893 1892 redire
923 1854 1087 1891 manus.'

810 1947 828 1984 I

154 2017 262 2053 Dum
294 2016 413 2053 Ianus
443 2015 604 2063 hiemeS,
638 2015 891 2055 Domitianus
919 2023 1143 2062 autumn05‚

152 2082 353 2131 Augustus
382 2080 495 2119 annis
525 2081 798 2120 commodabit
825 2088 1008 2129 aestates,

153 2147 249 2184 dum
278 2147 426 2196 grande
454 2145 591 2184 famuli
620 2159 768 2184 nomen
797 2147 952 2184 adseret
986 2144 1120 2183 Rheni

197 2249 311 2280 EPIST.
331 2259 396 2280 om.
419 2248 469 2280 CA
557 2249 641 2287 sort.
661 2248 819 2279 intercidit
832 2248 986 2288 epistulae
1001 2249 1117 2279 titulus
1134 2247 1185 2287 (cf.
1205 2247 1253 2278 ad
1264 2247 1335 2278 init.
1355 2247 1485 2285 libril)

153 2292 240 2323 have
260 2293 351 2333 (aue)
369 2317 377 2324 .
397 2317 404 2324 .
424 2316 431 2323 .
451 2302 517 2323 car.
539 2292 640 2332 (kar.)
663 2303 739 2323 cum
770 2292 931 2331 Torquati
953 2291 1117 2322 Gennadii
1136 2291 1368 2331 subscriplione
1389 2291 1483 2330 confl.

153 2335 217 2366 cod.
392 2336 513 2367 Dfimc.
540 2346 589 2366 vv.
610 2336 673 2375 5—8
690 2336 763 2366 hab.
784 2336 816 2365 R
960 2345 974 2365 1
994 2336 1073 2366 licet
1091 2335 1188 2366 nobis
1204 2334 1277 2365 BA:
1302 2335 1420 2365 licebis
1437 2334 1487 2365 CA

153 2390 172 2410 2
197 2379 301 2410 refert
316 2378 372 2409 BA
471 2390 490 2418 4
517 2379 682 2410 obscurus
700 2383 819 2410 unctus
836 2389 888 2409 au.
911 2377 961 2409 CA
1063 2389 1082 2418 7
1105 2383 1230 2409 sonant
1245 2378 1329 2409 AA:
1361 2383 1486 2409 sonant

153 2422 196 2461 (L
214 2426 289 2453 ante
303 2424 396 2460 corr.)
414 2423 463 2453 vel
481 2427 606 2454 sonent
627 2422 671 2461 (L
689 2433 728 2452 ex
743 2433 821 2454 corr.
840 2421 944 2462 PQf)
962 2420 1017 2452 BA
1034 2433 1041 2452 ε
1063 2427 1187 2453 sonent
1205 2421 1254 2452 CA
1430 2421 1443 2452 1
1470 2431 1484 2452 1

151 2471 333 2497 autumnus
353 2466 402 2497 CA
420 2468 509 2507 (cum
528 2466 554 2496 L
572 2469 647 2497 ante
663 2467 762 2508 corr.)
918 2476 937 2496 2
965 2466 1192 2497 commodauit
1208 2464 1297 2498 codd.
1322 2465 1386 2507 (i.e.
1408 2465 1485 2505 -bit)

152 2514 263 2540 aestas
282 2508 332 2540 CA
