1648 2729
393 435 461 484 Μ.
510 436 669 485 VAL.
724 436 1139 485 MARTIALIS

459 553 1069 602 EPIGRAMMATON

618 671 790 708 LIBER
821 671 863 708 11

352 793 453 830 VAL.
487 793 727 830 MARTlALIS
758 793 955 830 DECIANO
983 794 1066 830 Svo
1095 793 1185 830 SAL.

158 884 166 898 ‘
181 880 294 928 QV1D
329 879 466 918 nobis'
497 879 627 929 inquis
666 882 777 917 ‘cum
813 878 979 929 epistola
995 881 1011 917 ?
1049 893 1187 930 parum
1222 879 1327 918 enim
1364 878 1433 916 tibi

101 952 354 994 praestamus,
371 944 401 982 si
415 944 581 994 legimus
594 943 906 994 epigrammata?
935 944 1031 994 quid
1048 943 1112 982 hic
1129 958 1245 995 porro
1259 944 1435 982 dicturus

101 1024 142 1048 es
163 1010 272 1060 quod
292 1023 374 1048 non
394 1009 521 1059 possis
534 1009 711 1048 versibus
731 1008 893 1048 dicere?
942 1009 1072 1048 Video
1093 1023 1214 1060 quare
1235 1009 1437 1060 tragoedia

100 1084 219 1125 atque
248 1074 459 1114 comoedia
487 1074 695 1124 epistolam
728 1074 935 1124 accipiant,
967 1074 1111 1125 quibus
1146 1089 1217 1125 pro
1251 1089 1292 1113 se
1326 1073 1433 1124 loqui
1456 1084 1472 1113 5

102 1154 182 1179 non
203 1139 293 1179 licet
310 1155 317 1178 :
346 1140 630 1191 epigrammata
656 1139 817 1179 curione
838 1154 919 1179 non
941 1148 1057 1190 egent
1078 1148 1117 1179 et
1137 1147 1325 1179 contenta
1345 1148 1436 1178 sunt

101 1219 181 1253 sua,
204 1205 244 1244 id
271 1214 330 1244 est
360 1207 473 1253 mala,
498 1205 655 1256 lingua:
693 1205 734 1243 in
764 1219 1016 1256 quacumque
1046 1205 1188 1256 pagina
1207 1205 1333 1244 visum
1365 1214 1433 1251 est,

102 1271 308 1322 epistolam
340 1271 501 1310 faciunt.
559 1271 653 1310 Noli
688 1285 790 1321 ergo,
823 1271 853 1309 si
888 1271 959 1309 tibi
993 1271 1159 1318 videtur,
1195 1285 1276 1310 rem
1309 1272 1436 1309 facere

102 1336 306 1375 ridiculam
328 1344 367 1375 et
387 1337 427 1375 in
452 1344 543 1387 toga
563 1336 738 1374 saltantis
759 1336 948 1374 inducere
968 1350 1190 1386 personam.
1251 1336 1436 1386 Denique

101 1402 244 1441 videris
272 1416 322 1440 an
353 1410 391 1440 te
420 1403 591 1440 delectet
620 1409 758 1440 contra
790 1401 988 1440 retiarium
1027 1402 1162 1440 ferula.
1220 1403 1306 1452 Ego
1336 1401 1437 1439 inter

102 1468 188 1506 illos
222 1468 344 1506 sedeo
383 1466 450 1517 qui
489 1466 667 1517 protinus
706 1468 945 1505 reclamant.’
1004 1468 1106 1505 Puto
1145 1480 1209 1505 me
1243 1468 1436 1514 hercules.

104 1533 291 1580 Deciane‚
322 1545 458 1571 verum
493 1532 605 1571 dicis.
662 1531 772 1581 Quid
806 1531 838 1570 si
877 1531 976 1570 scias
1015 1546 1106 1570 curn
1141 1546 1219 1582 qua
1248 1540 1285 1570 et
1316 1545 1434 1582 quam

101 1600 218 1648 longa
256 1598 422 1648 epistola
459 1597 662 1648 negotium
701 1596 819 1636 fueris
858 1597 1095 1636 habiturus?
1152 1599 1293 1648 Itaque
1327 1598 1436 1647 quod

102 1663 221 1714 exigis
242 1665 321 1702 fiat.
380 1663 598 1702 Debebunt
619 1662 690 1702 tibi
711 1662 741 1701 si
771 1662 839 1713 qui
859 1663 900 1701 in
920 1664 1028 1702 hunc
1048 1663 1191 1702 librum
1213 1662 1434 1709 inciderint,

102 1730 211 1779 quod
231 1731 282 1768 ad
303 1728 469 1779 primam
490 1728 675 1778 paginam
695 1742 777 1767 non
798 1728 889 1767 lassi
909 1728 1150 1779 pervenient.

761 1818 779 1855 I

103 1891 194 1927 TER
225 1896 393 1928 centena
421 1889 584 1939 quidem
613 1896 769 1939 poteras
799 1888 1082 1938 epigrammata
1110 1889 1220 1935 ferre,

157 1956 227 1993 sed
257 1954 344 2004 quis
373 1962 412 1993 te
440 1956 556 1993 ferret
584 1955 892 2004 perlegeretque,
922 1953 1050 1992 liber?

102 2028 141 2058 at
171 2033 277 2058 nunc
307 2019 497 2058 succincti
527 2033 629 2069 quae
658 2018 735 2056 sint
764 2019 871 2057 bona
899 2018 1008 2057 disce
1037 2017 1172 2056 libelli.

157 2088 233 2125 hoc
262 2086 434 2137 primum
464 2093 534 2133 est,
565 2084 722 2124 brevior
751 2086 860 2135 quod
890 2083 987 2122 mihi
1017 2085 1152 2122 charta
1180 2083 1304 2135 perit3

148 2177 262 2208 Emsr.
282 2187 348 2208 om.
372 2177 421 2207 CA
512 2185 526 2206 1
553 2175 628 2206 Val.
649 2199 658 2207 .
678 2199 686 2207 .
706 2199 713 2206 .
735 2175 804 2206 Sal.
822 2174 891 2206 secl.
909 2174 1045 2206 Sm'vcr.
1148 2184 1168 2203 2
1192 2183 1310 2213 parum
1329 2173 1438 2213 enim]

104 2230 268 2260 parumne
284 2220 360 2251 Ital.
453 2229 473 2258 3
499 2221 638 2250 daturus
650 2219 714 2259 ΡΩ
732 2220 766 2260 (a
777 2224 839 2260 pro
855 2218 900 2256 ic)
991 2229 1010 2256 4
1033 2217 1189 2248 uersibus
1201 2218 1277 2248 Ital.
1295 2228 1302 2248 :
1326 2217 1440 2247 uerbis

108 2277 111 2294 x
121 2269 182 2305 pro
192 2264 326 2301 versib„
338 2264 358 2295 i.
369 2274 393 2295 e.
409 2263 578 2303 versibus)
648 2274 679 2302 4,
699 2272 718 2302 5
736 2273 766 2302 q.
790 2267 830 2293 tr.
852 2267 954 2302 atque
970 2272 997 2293 c.
1018 2260 1139 2292 Gilbert
1154 2272 1160 2291 :
1185 2271 1289 2300 quare
1306 2265 1439 2299 tragoe-

105 2308 158 2338 dia
175 2312 232 2338 aut
252 2318 317 2347 qua
339 2307 522 2345 comoedia,
544 2307 610 2338 cod.
629 2310 667 2337 ut
684 2306 748 2338 vid.
770 2307 852 2345 (qua
871 2312 892 2336 t.
912 2309 968 2336 aut
987 2315 1052 2345 qua
1069 2315 1096 2336 c.
1112 2305 1152 2345 P,
1172 2315 1276 2343 quare
1294 2309 1316 2334 t.
1336 2310 1394 2334 aut
1412 2314 1438 2334 c.

103 2350 182 2391 LQ)
198 2363 205 2382 ε
232 2361 336 2391 quare
354 2351 508 2390 tragoedi
529 2376 536 2383 .
556 2375 562 2382 .
581 2375 588 2382 .
611 2349 764 2381 comoedi
783 2350 858 2381 Ital.
993 2359 1009 2388 7
1036 2349 1068 2378 id
1087 2352 1139 2379 est
1156 2348 1243 2378 mala
1259 2347 1317 2379 del.
1339 2348 1385 2378 ed.
1406 2358 1437 2377 a.

107 2405 190 2434 1473
308 2406 329 2434 9
353 2400 387 2425 et
404 2395 438 2425 in
455 2394 528 2426 Ital.
548 2406 555 2426 ε
579 2399 613 2426 et
630 2394 709 2425 dein
727 2393 792 2424 cod.
912 2392 1068 2423 saltantis
1083 2391 1260 2422 Fontanus
1275 2403 1281 2422 :
1305 2392 1441 2422 saltanti

103 2438 169 2469 cod.
186 2450 193 2469 :
215 2439 397 2469 saltantem
413 2437 487 2469 Ital.

150 2482 162 2513 Ι
188 2482 263 2513 hab.
290 2482 320 2512 T
451 2491 470 2511 2
494 2481 613 2512 -ueP2
744 2491 764 2520 3
790 2480 832 2511 sit
856 2480 903 2511 T:
927 2484 1006 2511 sunt
1025 2479 1074 2510 CA

1459 1419 1497 1440 10

1460 1729 1496 1759 15
