1648 2729
721 129 1191 168 EPIGRAMMATON
1223 131 1325 168 LIB.
1359 130 1442 168 VII

596 240 733 279 XCVI

106 322 303 364 Conditus
333 322 397 362 hic
426 336 499 373 ego
530 335 617 361 sum
648 321 761 361 Bassi
791 323 915 370 dolor,
946 321 1117 361 Vrbicus
1148 322 1287 369 infans,

159 388 223 427 cui
251 401 375 439 genus
404 395 442 426 et
470 401 618 426 nomen
649 386 819 430 maxima
849 388 981 425 Roma
1009 387 1130 426 dedit.

106 468 172 493 sex
202 453 298 492 mihi
328 454 379 492 de
408 452 534 503 prima
564 453 704 491 derant
734 451 932 491 trieteride
963 465 1131 499 menses,

159 525 347 570 ruperunt
376 517 536 557 tetricae
566 531 657 556 curn
688 519 790 556 male
819 531 943 567 pensa
972 519 1080 556 deae.

106 585 203 635 quid
232 583 394 635 species,
427 583 523 634 quid
552 583 686 633 lingua
715 582 822 630 mihi,
855 582 952 633 quid
981 583 1127 633 profuit
1156 585 1295 622 aetas?
1429 599 1445 630 5

160 651 212 689 da
240 648 419 688 lacrimas
449 650 616 696 tumulo,
648 647 717 699 qui
746 647 841 698 legis
871 647 956 695 ista,
989 661 1102 686 meo:

106 717 162 755 sic
190 716 242 754 ad
272 716 480 762 Lethaeas,
512 714 587 752 nisi
618 715 788 752 Nestore
818 713 949 761 serior,
982 714 1110 752 undas

161 795 242 820 non
272 788 345 828 eat,
378 780 534 831 optabis
565 794 685 831 quem
716 793 921 831 superesse
950 779 1032 818 tibi.

589 914 750 953 XCVII

217 996 334 1036 Nosti
364 997 394 1035 si
425 996 528 1034 bene
559 994 757 1042 Caesium,
789 994 931 1041 libelle,

218 1070 432 1102 montanae
461 1063 584 1101 decus
614 1060 805 1099 Vmbriae
835 1060 1040 1106 Sabinum,

216 1128 311 1168 Auli
340 1127 582 1177 municipem
613 1126 691 1165 mei
722 1125 925 1173 Pudentis,

217 1194 273 1233 illi
302 1202 344 1233 tu
374 1193 487 1233 dabis
517 1194 616 1231 haec
645 1194 706 1231 vel
736 1199 956 1241 occupato:

218 1259 366 1298 instent
395 1258 502 1297 mille
532 1258 624 1297 licet
653 1264 914 1308 premantque
943 1269 1071 1303 curae,
1434 1273 1451 1303 5

218 1324 361 1364 nostris
391 1323 631 1363 carminibus
661 1330 794 1361 tamen
824 1322 1005 1360 vacabit:

218 1404 310 1429 narn
341 1404 405 1429 me
434 1388 560 1439 diligit
589 1388 653 1427 ille
682 1387 987 1438 proximumque

218 1455 345 1495 Turni
373 1454 575 1494 nobilibus
605 1453 697 1504 legit
727 1452 878 1492 libellis.

220 1523 257 1562 O
276 1528 480 1572 ,quantum
511 1519 582 1558 tibi
610 1518 785 1558 nominis
812 1520 992 1568 paratur!

220 1600 244 1625 o
274 1600 376 1637 quae
404 1585 548 1636 gloria!
583 1598 703 1635 quarn
733 1586 918 1634 frequens
947 1585 1125 1622 amator!
1414 1597 1453 1619 10

220 1660 259 1691 te
288 1651 480 1699 convivia,
512 1658 550 1690 te
579 1652 708 1689 forum
739 1649 907 1696 sonabit,

220 1719 352 1765 aedes,
383 1716 567 1767 compita,
600 1716 785 1767 porticus,
818 1715 1015 1754 tabernae.

221 1783 289 1822 uni
318 1782 495 1830 mitteris,
527 1781 714 1821 omnibus
743 1780 893 1832 legeris.

582 1910 768 1949 XCVIII

116 1993 275 2040 Omnia,
308 1994 460 2039 Castor,
492 1990 614 2030 emis:
653 1989 709 2029 sic
739 1991 806 2029 fiet
835 1996 878 2028 ut
907 1988 1042 2028 omnia
1070 1989 1230 2027 vendas.

160 2096 271 2128 XCVI
295 2107 345 2129 vv.
369 2097 430 2127 1—6
452 2095 524 2127 hab.
543 2095 577 2125 R
680 2105 694 2125 1
720 2094 799 2125 hinc
819 2093 866 2125 CA
885 2097 922 2124 ut
937 2093 1001 2125 vid.
1105 2103 1125 2123 2
1150 2092 1297 2123 maxime
1313 2091 1347 2121 R
1436 2101 1455 2130 3

117 2142 283 2173 dederant
302 2140 350 2172 CA
418 2139 580 2170 trIentide
597 2142 635 2169 ut
649 2138 713 2170 vid.
733 2138 789 2168 ΒΑ
809 2142 883 2177 'tent
895 2143 958 2179 pro
975 2142 1019 2177 et,
1039 2137 1091 2168 ule.
1113 2137 1203 2175 eter)
1323 2146 1342 2174 4
1367 2135 1457 2166 male

116 2185 295 2217 Heinsius:
323 2184 410 2215 mala
425 2183 515 2214 codd.
607 2193 716 2223 pense
732 2182 767 2212 R
878 2192 895 2221 7
920 2180 1031 2213 serior
1046 2181 1120 2213 BA:
1145 2179 1255 2211 serius
1273 2178 1322 2210 CA
1434 2179 1455 2208 8

118 2239 236 2261 nonne
251 2227 465 2268 adoptatauis
483 2227 532 2258 CA
621 2226 753 2258 obtabis
768 2223 799 2255 L

162 2272 291 2304 XCVII
326 2282 344 2312 7
378 2271 485 2311 diligit
509 2269 585 2302 BA:
621 2270 741 2309 diliget
769 2269 819 2300 CA
977 2267 1219 2308 proximusque
1249 2265 1299 2297 CA
1327 2269 1365 2296 ut
1390 2265 1455 2296 vid.

119 2318 139 2347 8
163 2317 258 2348 curni
276 2315 326 2346 CA
414 2315 498 2354 legit
513 2313 588 2345 BA:
611 2314 703 2353 leget
722 2312 771 2344 CA
788 2313 887 2353 (liget
904 2311 999 2353 AG1)
1089 2322 1111 2351 9
1135 2309 1194 2341 tibi
1211 2309 1286 2341 BA:
1312 2309 1393 2340 mihi
1408 2309 1456 2340 CA

121 2360 268 2391 numinis
286 2359 335 2390 CA
450 2369 486 2389 11
513 2358 646 2390 sonauit
665 2357 714 2389 CA
732 2357 766 2398 (i.
777 2367 800 2388 e.
819 2356 895 2397 -bit)

164 2402 314 2435 XCVIII
339 2402 398 2434 fiat
414 2401 443 2432 L
