1648 2729
185 143 240 179 M.
271 136 397 178 VALg
427 138 742 177 MARTIALIS

182 260 367 303 septenos
396 251 539 302 pariter
567 252 704 290 credas
731 251 943 300 adsurgere
971 256 1138 295 montes,
1496 264 1512 294 5

235 318 509 357 Thessalicum
539 316 693 356 brevior
722 316 859 355 Pelion
889 317 992 354 Ossa
1019 315 1134 362 tulit3

181 385 341 422 aethera
369 383 425 422 sic
454 383 571 421 intrat
600 382 733 421 nitidis
763 390 806 420 ut
835 381 1019 420 conditus
1048 379 1160 419 astris

235 449 416 487 inferiore
445 456 555 487 tonet
584 449 691 486 nube
719 461 879 486 serenus
907 460 1007 497 apex

182 522 220 554 et
249 514 355 565 prius
383 527 528 553 arcano
557 513 717 552 satietur
745 512 909 551 numine
939 511 1091 550 Phoebi

236 580 434 618 nascentis
465 579 578 619 Circe
608 592 728 629 quam
757 578 864 617 videt
894 591 961 616 ora
990 576 1120 627 patris.
1479 589 1519 612 10

184 647 311 692 Haec,
342 648 530 695 Auguste,
563 652 707 691 tamen,
740 657 841 694 quae
870 642 1014 681 vertice
1044 642 1172 681 sidera
1201 642 1340 691 pulsat,

236 724 306 761 par
335 712 478 749 domus
508 717 566 749 est
596 712 706 748 caelo
736 711 807 748 sed
836 708 966 747 minor
995 715 1054 746 est
1083 706 1259 746 domino.

643 848 846 885 XXXVII

187 932 308 980 Quod
338 931 530 970 Caietano
559 930 703 977 reddis,
736 930 1006 979 Polycharme,
1038 928 1213 974 tabellas,

240 996 346 1034 milia
376 1003 413 1034 te
443 1003 603 1033 centum
634 1009 729 1033 num
759 993 941 1032 tribuisse
970 995 1115 1044 putas?

189 1061 362 1100 ‘Debuit
390 1062 513 1099 haec'
543 1060 683 1110 inquis.
743 1059 835 1098 Tibi
865 1060 978 1107 habe,
1012 1059 1283 1109 Polycharme‚
1316 1057 1479 1096 tabellas

241 1135 278 1166 et
309 1126 501 1166 Caietano
532 1126 638 1164 milia
667 1127 785 1164 crede
814 1126 907 1164 duo.

632 1254 859 1291 XXXVIII

297 1337 377 1386 Qui
406 1344 576 1387 praestat
604 1335 750 1386 pietate
778 1334 969 1385 pertinaci

297 1415 460 1440 sensuro
489 1402 596 1440 bona
623 1399 876 1447 liberalitatis,

298 1475 429 1518 captet
457 1466 618 1505 forsitan
646 1474 714 1504 aut
742 1465 869 1504 vicem
897 1472 1102 1514 reposcat:

285 1541 337 1589 'at
366 1532 398 1570 si
428 1532 514 1582 quis
544 1533 637 1570 dare
667 1530 819 1569 nomini
848 1529 985 1568 relicto

298 1605 388 1647 post
417 1611 553 1635 manes
583 1598 860 1646 tumulumque
889 1601 1122 1644 perseverat,
1509 1609 1524 1639 5

300 1662 452 1712 quaerit
481 1662 577 1712 quid
606 1661 681 1700 nisi
710 1660 864 1711 parcius
895 1661 1063 1698 dolere?

302 1729 438 1766 Refert
467 1727 518 1765 sis
548 1727 677 1765 bonus
707 1740 757 1764 an
786 1724 881 1763 velis
911 1723 1046 1763 videri.

300 1800 474 1843 praestas
503 1793 591 1838 hoc,
619 1790 772 1837 Melior,
802 1789 950 1828 sciente
979 1790 1092 1835 fama,

302 1857 369 1907 qui
399 1855 656 1895 sollemnibus
685 1855 822 1894 anxius
852 1854 995 1904 sepulti

302 1936 449 1960 nomen
478 1936 560 1960 non
590 1920 684 1959 sinis
712 1920 868 1959 interire
899 1918 1038 1966 Blaesi,
1490 1931 1529 1953 10

303 1995 341 2026 et
370 1989 420 2026 de
450 1986 638 2025 munifica
665 1987 847 2036 profusus
875 1999 965 2024 arca

303 2054 354 2091 ad
384 2051 611 2090 natalicium
641 2051 747 2090 diem
777 2051 991 2090 colendum

305 2117 519 2157 scribarum
550 2116 715 2156 memori
744 2116 913 2166 piaeque
942 2115 1080 2153 turbae

304 2184 413 2233 quod
442 2184 579 2229 donas,
610 2181 705 2220 facis
734 2181 817 2232 ipse
848 2179 1109 2219 Blaesianum.

242 2285 395 2315 XXXVI
420 2296 440 2324 9
462 2285 586 2315 lumine
602 2284 679 2315 BA:
704 2283 842 2314 numine
861 2282 910 2313 CA
995 2292 1034 2312 10
1057 2291 1115 2312 ore
1134 2279 1183 2311 CA
1200 2283 1237 2309 ut
1250 2279 1312 2311 vid.

244 2328 414 2359 XXXVII
444 2338 470 2363 1,
498 2338 517 2366 4
542 2327 696 2359 caletano
724 2327 774 2358 CA
879 2337 898 2357 2
922 2336 999 2356 num
1016 2325 1114 2356 Ima:
1144 2335 1211 2354 non
1228 2323 1305 2354 BA:
1330 2333 1419 2354 nunc
1437 2322 1486 2354 CA

244 2372 431 2402 XXXVIII
457 2373 478 2401 6
501 2372 620 2402 dolore
636 2371 690 2401 BA
825 2380 841 2409 7
870 2370 899 2401 si
920 2370 970 2401 CA
1110 2369 1130 2398 8
1157 2367 1244 2398 same
1263 2366 1312 2398 CA
1329 2370 1366 2397 ut
1380 2366 1443 2399 vid.
1462 2366 1534 2406 (sed

198 2416 286 2446 sama
302 2415 352 2455 A)
488 2426 509 2455 9
532 2414 731 2446 sollemnius
750 2413 799 2445 CA
