1648 2729
188 101 244 137 M.
280 100 403 138 VAL.
437 101 752 139 MARTIALIS

186 219 224 250 at
255 211 285 249 si
316 224 389 261 ego
418 225 499 250 non
530 212 644 259 belle,
675 213 745 250 sed
775 225 864 251 vere
893 212 1029 251 dixero
1058 212 1262 263 quiddam,
1501 229 1520 261 5

240 289 359 315 nemo
388 276 625 327 propinabit,
657 277 894 325 Calliodore,
925 277 1007 317 tibi.

670 366 805 403 XLVI

187 441 358 489 Vapulat
387 440 554 479 adsidue
583 440 712 479 veneti
743 439 933 490 quadriga
961 442 1116 491 flagello

240 518 313 543 nec
343 504 486 544 currit:
527 518 711 555 magnam
741 519 834 553 rem,
868 505 1044 553 Catiane,
1077 505 1180 545 facit.

670 593 829 630 XLVII

187 669 385 718 Nympha,
417 668 494 706 mei
524 669 668 707 Stellae
697 682 800 718 quae
828 670 938 707 fonte
967 669 1187 708 domestica
1216 683 1315 720 puro

238 733 379 771 laberis
410 740 447 771 et
477 733 630 772 domini
658 746 839 783 gemmea
868 741 971 772 tecta
1000 734 1119 782 subis,

185 798 265 836 sive
297 799 454 836 Numae
483 798 657 836 coniunx
686 798 843 837 Triviae
871 807 910 837 te
940 799 1045 837 misit
1073 800 1124 838 ab
1153 799 1274 838 antris

239 863 319 902 sive
350 864 617 903 Camenarum
648 865 698 902 de
727 878 843 915 grege
872 878 979 903 nona
1007 865 1144 904 venis:

185 929 328 967 exolvit
357 929 457 967 votis
487 931 561 968 hac
591 943 632 968 se
663 929 733 968 tibi
762 930 910 980 virgine
938 944 1060 981 porca
1503 947 1520 979 5

241 996 411 1041 Marcus,
444 994 626 1033 furtivam
657 996 766 1045 quod
795 995 906 1042 bibit,
939 1009 1065 1046 aeger,
1096 1009 1253 1046 aquam.

185 1067 226 1097 tu
256 1066 444 1097 contenta
473 1073 563 1098 meo
592 1059 670 1098 iam
701 1059 865 1099 erimine
892 1061 1036 1110 gaudia
1065 1061 1184 1099 fontis

238 1125 289 1162 da
318 1137 455 1162 secura
483 1124 562 1162 tui:
602 1124 651 1162 sit
680 1124 777 1162 mihi
806 1138 901 1163 sana
930 1125 1022 1164 sitis.

652 1213 836 1250 XLVIII

185 1283 306 1330 Quod
336 1289 416 1319 tam
445 1282 593 1332 grande
622 1283 770 1331 sophos
800 1284 943 1321 clamat
972 1282 1043 1321 tibi
1072 1284 1187 1323 turba
1215 1291 1358 1334 togata,

238 1359 318 1384 non
348 1354 400 1393 tu,
434 1346 644 1397 Pomponi,
675 1360 774 1385 cena
802 1347 947 1386 diserta
976 1356 1043 1386 tua
1071 1356 1140 1387 est.

718 1435 774 1472 LI

185 1505 306 1553 Quod
335 1504 553 1542 convivaris
582 1503 667 1543 sine
696 1518 760 1543 me
789 1512 869 1543 tam
898 1518 1027 1556 saepe,
1060 1507 1250 1556 Luperce,

239 1568 371 1608 inveni
401 1582 567 1608 noceam
598 1583 677 1619 qua
705 1569 856 1608 ratione
885 1570 967 1608 tibi.

184 1634 352 1672 irascor:
388 1634 478 1672 licet
509 1647 634 1684 usque
663 1648 781 1673 voces
811 1635 1023 1685 mittasque
1052 1649 1300 1686 rogesque&

241 1698 375 1748 ‘Quid
405 1698 574 1738 facies?'
604 1699 742 1749 inquit.
804 1699 913 1748 Quid
943 1699 1113 1738 faciam?
1143 1701 1310 1740 veniam.

704 1788 784 1825 LII

148 1856 152 1860 “
186 1858 279 1894 Hoc
309 1855 410 1894 iacet
439 1855 478 1893 in
509 1858 662 1896 tumulo
691 1864 824 1907 raptus
854 1857 1070 1908 puerilibus
1098 1858 1213 1896 annis

238 1922 517 1970 Pantagathus,
550 1921 703 1960 domini
733 1935 826 1960 cura
855 1924 1049 1973 dolorque
1078 1922 1149 1970 sui,
1214 1967 1217 1971 ,

228 2023 342 2053 XLIV
366 2025 386 2053 6
411 2023 611 2063 propinauit
632 2024 755 2064 T(pro
773 2025 848 2059 -bitl

227 2067 339 2097 XLVI
363 2067 436 2098 lmb.
462 2068 492 2098 T
618 2077 632 2097 1
657 2068 798 2099 adsidue
815 2067 950 2098 AACA:
973 2068 1111 2099 assiduo
1127 2068 1183 2099 BA
1317 2080 1337 2099 2
1360 2069 1443 2101 sacis
1459 2070 1518 2100 ΑΛ

186 2111 274 2150 (cum
294 2110 323 2149 Q
341 2114 416 2140 ante
431 2110 528 2150 corr.)
546 2122 552 2141 :
577 2110 656 2141 facit
672 2111 778 2141 BACA

229 2154 357 2184 XLVII
383 2155 456 2185 Jzab.
482 2154 511 2184 T
592 2164 605 2184 1
632 2155 715 2194 mei]
735 2159 804 2185 met
822 2154 871 2185 CA
889 2155 931 2194 (T
944 2160 1008 2194 pro
1025 2155 1057 2193 Ι)
1140 2156 1327 2186 domestico
1346 2155 1395 2186 CA
1498 2167 1518 2187 2

183 2197 308 2228 lauaris
331 2197 361 2227 T
487 2207 507 2235 3
531 2197 574 2228 ab
590 2208 679 2228 anna
694 2198 741 2228 CA
873 2209 892 2236 4
917 2208 1007 2229 noua
1022 2199 1077 2229 ΒΑ
1210 2209 1228 2238 7
1254 2210 1295 2230 m.
1315 2199 1451 2230 lacrime
1470 2199 1518 2230 CA

185 2241 208 2280 (l
223 2245 283 2279 pro
295 2241 325 2279 j)
459 2242 478 2270 8
499 2241 582 2271 satis
597 2241 652 2271 ΒΑ

228 2284 375 2314 XLVIII
399 2284 472 2315 lmb.
499 2284 529 2314 T

227 2327 270 2357 LI
297 2327 368 2357 hab.
393 2328 423 2357 T
506 2339 526 2366 4
551 2328 660 2367 inquit
674 2327 808 2358 AACA:
833 2327 945 2368 inquis
960 2328 1016 2359 BA

228 2371 289 2402 LII
314 2371 386 2402 lmh.
411 2370 471 2402 TR
