1648 2729
213 175 269 212 M.
301 173 424 211 VAL.
458 172 771 210 MARTIALIS

694 284 839 321 XLIII

213 367 334 405 Effert
363 379 502 404 uxores
534 364 690 413 Fabius,
723 365 932 405 Chrestilla
961 364 1135 413 maritos,

263 432 546 481 funereamque
576 429 669 468 toris
699 437 857 480 quassat
886 437 1051 480 uterque
1080 430 1218 468 facem.

210 495 376 534 victores
406 495 624 544 committe,
652 497 814 534 Venus:
854 507 953 545 quos
983 494 1057 533 iste
1086 493 1263 533 manebit

264 561 389 600 exitus
418 574 497 600 una
527 562 628 600 duos
658 567 700 599 ut
730 559 905 599 Libitina
933 560 1041 599 ferat.

693 739 832 776 XLIV

209 832 370 880 Titulle,
399 845 555 879 moneo,
587 830 697 870 vive:
736 844 892 882 semper
920 831 998 870 hoc
1027 844 1158 870 serum
1188 839 1273 879 est,

209 897 282 936 sub
312 898 542 947 paedagogo
572 895 748 947 coeperis
778 896 880 944 licet,
914 909 1044 935 serum
1074 904 1143 935 est.

207 969 246 1000 at
275 969 329 1009 tu,
361 961 478 1001 miser
506 961 663 1009 Titulle,
695 975 770 1000 nec
799 975 918 1000 senex
946 961 1054 1009 vivis,

207 1028 278 1066 sed
307 1041 427 1066 omne
455 1027 575 1066 limen
605 1027 774 1066 conteris
803 1028 991 1066 salutator

207 1100 245 1131 et
276 1106 391 1132 mane
421 1094 538 1131 sudas
569 1092 675 1131 urbis
705 1092 848 1131 osculis
878 1094 991 1140 udus,
1523 1109 1540 1140 5

207 1158 372 1207 foroque
401 1157 543 1208 triplici
572 1171 728 1208 sparsus
758 1165 850 1196 ante
879 1171 1004 1208 equos
1034 1157 1164 1196 omnis

206 1224 427 1272 aedemque
460 1222 597 1261 Martis
627 1230 666 1261 et
696 1224 880 1261 colosson
909 1221 1078 1273 Augusti

207 1287 327 1326 curris
356 1301 426 1338 per
455 1287 583 1326 omnis
614 1287 827 1338 tertiasque
857 1287 1106 1338 quintasque.

206 1366 312 1403 rape,
342 1366 521 1403 congere,
552 1354 671 1400 aufer,
702 1352 888 1403 posside:
927 1352 1232 1403 relinquendum
1262 1361 1330 1392 est.

206 1418 375 1468 superba
403 1417 536 1457 densis
565 1431 654 1457 arca
682 1419 826 1469 palleat
853 1417 1038 1466 nummis,
1502 1435 1541 1457 10

206 1490 366 1522 centurn
396 1483 640 1533 explicentur
668 1482 835 1533 paginae
865 1484 1148 1530 Kalendarum,

206 1547 348 1586 iurabit
378 1549 490 1586 heres
521 1555 558 1586 te
587 1547 685 1586 nihil
714 1547 927 1598 reliquisse,

205 1625 401 1663 supraque
430 1615 608 1662 pluteum
638 1620 676 1651 te
704 1612 857 1652 iacente
885 1614 947 1652 vel
976 1626 1126 1661 saxum,

204 1679 324 1717 fartus
354 1691 502 1728 papyro
532 1679 628 1716 dum
658 1677 730 1716 tibi
758 1686 866 1717 torus
896 1678 1045 1726 crescit,

205 1745 333 1782 flentis
363 1743 555 1793 superbus
584 1742 752 1782 basiabit
781 1744 997 1782 eunuchos.
1499 1760 1536 1792 15

708 1923 822 1959 XLV

206 2013 360 2052 Priscus
390 2014 440 2052 ab
470 2013 658 2052 Aetnaeis
689 2014 796 2062 mihi,
829 2016 982 2062 Flacce,
1013 2014 1223 2054 Terentius
1252 2015 1330 2054 oris

257 2078 458 2118 redditur:
498 2080 601 2117 hanc
630 2080 759 2118 lucem
789 2081 915 2118 lactea
942 2093 1100 2130 gemma
1127 2087 1262 2129 notet,

247 2181 364 2212 XLIII
389 2181 461 2213 hab.
488 2181 518 2212 T
604 2191 619 2212 1
647 2181 754 2213 sanius
772 2181 821 2213 CA
839 2182 907 2223 (ue.
929 2182 1025 2222 Fab-)
1174 2193 1194 2213 2
1218 2182 1465 2223 sunereamque
1489 2185 1539 2215 vel

204 2225 274 2256 sen·
293 2225 341 2255 CA
431 2235 451 2264 3
477 2225 654 2256 committit
670 2225 725 2255 BA
886 2226 1000 2256 XLIV
1023 2236 1042 2265 3
1066 2227 1163 2257 uiues
1181 2231 1219 2258 ut
1232 2226 1296 2258 vid.
1311 2227 1366 2257 ΒΑ
1385 2228 1452 2268 (tle.
1473 2227 1535 2269 -is)

203 2278 222 2307 5
239 2269 346 2299 oculis
365 2267 414 2299 CA
430 2272 467 2299 ut
481 2268 546 2299 vid.
565 2268 637 2310 (sed
649 2269 772 2300 osculis
788 2268 840 2308 A)
960 2271 981 2300 6
1005 2280 1090 2309 quos
1108 2269 1158 2300 CA
1277 2271 1298 2300 8
1321 2281 1441 2302 omnes
1457 2270 1511 2301 BA
1527 2283 1534 2301 :

203 2311 316 2342 omnia
335 2312 384 2343 CA
455 2322 476 2352 9
500 2322 603 2351 coger
626 2311 675 2342 CA
694 2313 750 2353 (co
762 2317 824 2352 pro
841 2312 922 2352 con)
984 2318 1036 2344 est
1052 2324 1116 2344 om.
1136 2313 1191 2344 BA
1240 2313 1322 2352 fort.
1342 2314 1534 2354 relinquen-

203 2356 314 2386 dumst
500 2366 539 2386 10
562 2355 672 2395 pallea
689 2357 843 2387 mummis
861 2356 910 2386 CA
1097 2367 1136 2387 12
1159 2357 1280 2388 iurauit
1299 2357 1347 2388 CA
1364 2357 1434 2399 (τῖε.
1453 2358 1532 2399 -bit)

206 2409 242 2436 14
267 2398 355 2429 satus
383 2398 432 2430 CA
623 2409 661 2439 15
685 2399 867 2440 superbum
902 2399 956 2429 ΒΑ

248 2442 341 2473 XLV
362 2452 374 2472 1
403 2441 558 2474 etheneis
574 2442 628 2474 BA
847 2453 866 2474 a
891 2447 991 2475 nocet
1006 2442 1065 2476 BA
