1648 2729
769 182 1238 221 EPIGRAMMATON
1271 183 1375 220 LIB.
1411 184 1428 220 I

90 292 337 344 Apollodoro
365 291 517 342 plaudit
545 291 720 331 imbrifer
748 292 875 339 Nilus,

144 359 307 396 Nasone
336 357 510 408 Paeligni
541 366 695 405 sonant,

93 425 275 474 duosque
305 425 475 462 Senecas
505 423 748 474 unicumque
779 425 985 463 Lucanum

145 490 317 528 facunda
345 489 519 539 loquitur
548 490 749 537 Corduba,

91 556 265 605 gaudent
294 554 451 594 iocosae
482 555 609 595 Canio
639 569 711 594 suo
742 556 887 601 Gades,

148 619 322 659 Emerita
352 620 532 659 Deciano
562 634 677 659 meo:

92 694 142 733 te,
174 685 388 733 Liciniane,
420 685 649 736 gloriabitur
677 693 810 724 nostra

147 764 221 790 nec
250 764 314 790 me
343 750 490 790 tacebit
521 750 684 790 Bilbilis.

593 840 713 877 LXII

94 911 214 949 Casta
242 923 316 949 nec
345 909 516 960 antiquis
546 911 693 949 cedens
725 909 897 948 Laevina
927 909 1082 948 Sabinis

147 984 186 1014 et
215 975 395 1026 quamvis
425 976 562 1014 tetrico
593 975 737 1014 tristior
766 974 850 1025 ipsa
880 974 962 1014 viro

95 1042 191 1079 dum
222 1042 344 1080 modo
375 1040 560 1088 Lucrino,
592 1042 715 1080 modo
745 1054 787 1079 se
816 1039 1007 1090 permittit
1037 1042 1208 1087 Averno,

148 1114 187 1145 et
216 1107 312 1145 dum
344 1106 500 1145 Baianis
531 1120 648 1157 saepe
676 1108 830 1145 fovetur
857 1106 981 1157 aquis,

95 1171 234 1211 incidit
263 1172 302 1210 in
332 1173 539 1211 flammas:
577 1172 843 1222 iuvenemque
873 1179 1007 1210 secuta
1036 1171 1173 1210 relicto

149 1237 317 1288 coniuge
347 1239 549 1288 Penelope
577 1237 696 1285 venit,
726 1237 808 1276 abit
840 1238 1008 1276 Helene.

584 1327 728 1364 LXIII

97 1399 150 1435 Vt
178 1396 339 1436 recitem
370 1395 441 1435 tibi
471 1403 605 1435 nostra
634 1409 746 1446 rogas
776 1395 1069 1446 epigrammata.
1130 1397 1247 1434 Nolo.

151 1476 232 1500 non
261 1461 409 1509 audire,
441 1463 568 1509 Celer,
599 1462 670 1500 sed
700 1461 862 1500 recitare
892 1461 1015 1512 cupis.

594 1551 731 1588 LXIV

207 1616 317 1653 Bella
347 1629 399 1661 es,
431 1614 624 1661 novimus,
658 1623 696 1653 et
724 1616 867 1665 puella,
898 1628 1033 1653 verum
1065 1623 1135 1662 est,

206 1688 244 1719 et
274 1680 395 1727 dives,
427 1680 514 1730 quis
544 1680 650 1719 enim
680 1688 811 1731 potest
840 1682 1012 1730 negare?

207 1747 276 1784 sed
307 1759 398 1784 cum
428 1753 466 1784 te
495 1745 675 1793 nimium,
708 1746 883 1793 Fabulla,
915 1747 1063 1791 laudas,

206 1824 281 1850 nec
309 1811 419 1850 dives
449 1825 579 1861 neque
608 1812 712 1850 bella
741 1825 815 1850 nec
843 1813 974 1862 puella
1002 1825 1055 1850 es.

596 1901 732 1938 LXVI

101 1973 227 2019 Erras,
258 1984 436 2010 meorum
467 1971 527 2009 fur
554 1984 669 2009 avare
697 1970 899 2017 librorum,

101 2036 182 2075 fieri
211 2044 370 2087 poetam
400 2050 517 2087 posse
546 2035 614 2086 qui
643 2043 758 2086 putas
789 2035 897 2082 tanti,

102 2102 292 2153 scriptura
321 2101 458 2152 quanti
488 2109 643 2140 constet
673 2108 711 2140 et
741 2108 873 2140 tomus
903 2100 1016 2139 vilis:

102 2181 182 2206 non
212 2181 280 2206 sex
308 2175 464 2217 paratur
491 2174 559 2205 aut
588 2167 728 2205 decem
759 2168 907 2216 sophos
936 2166 1122 2205 nummis.

145 2282 164 2312 5
189 2273 319 2313 plaudit
335 2272 415 2304 BA:
438 2272 564 2313 gaudet
582 2271 632 2303 CA

147 2317 242 2348 LXII
268 2317 341 2347 hab.
368 2316 398 2346 T
523 2318 544 2346 6
567 2315 683 2347 ueniet
702 2316 752 2347 CA
768 2318 807 2346 ut
820 2314 884 2346 vid.

147 2361 263 2392 LXIII
287 2360 361 2394 hab.
383 2360 416 2391 R
550 2369 563 2390 1
589 2366 705 2390 nostra
721 2359 838 2399 rogas]
855 2363 991 2390 nostras
1008 2357 1042 2388 R

148 2405 261 2435 LXIV
283 2404 357 2436 hab.
381 2403 411 2434 T
494 2414 513 2441 3
537 2414 611 2434 cum
628 2404 761 2434 AACA:
787 2404 863 2433 dum
882 2403 938 2432 ΒΑ

149 2448 258 2478 LXVI
283 2458 303 2487 3
327 2452 462 2479 constet
477 2447 552 2479 BA:
578 2452 712 2478 constat
730 2447 780 2478 CA
900 2457 919 2485 4
944 2444 1087 2476 nummis
1102 2445 1231 2486 sophos
1247 2445 1301 2476 ΒΛ

1410 313 1426 342 5

1394 638 1432 660 10
