1648 2729
780 175 1250 215 EPIGRAMMATON
1282 178 1387 214 LIB.
1420 178 1454 214 X

120 285 406 337 dominamque
435 286 559 325 sancti
588 287 777 337 virginem
808 288 924 325 deam
954 288 1102 338 templi,

119 359 158 390 et
187 364 307 401 quem
337 351 479 390 sororis
508 351 706 401 hospitem
735 350 846 389 vides
875 359 1006 389 castae

122 417 292 454 Martem
322 430 498 455 mearum
528 416 747 467 principem
778 417 1064 463 Kalendarum,
1421 436 1456 457 10

119 489 157 519 et
186 481 379 521 delicatae
407 484 583 520 laureum
613 495 754 520 nemus
785 483 935 528 Florae,

119 546 158 584 in
189 548 298 596 quod
328 547 471 597 Priapo
500 554 763 597 persequente
792 546 979 597 confugit.

121 613 214 650 Hoc
243 625 363 651 omne
390 612 505 663 agelli
535 612 629 651 mite
658 612 808 662 parvuli
838 626 986 651 numen

118 690 186 715 seu
217 684 258 715 tu
288 691 426 716 cruore
455 677 536 716 sive
566 685 650 716 ture
679 676 879 727 placabis:

121 742 399 793 ‘Vbicumque
428 750 555 782 vester
586 743 778 781 Martialis
812 744 894 790 est‚’
925 742 1045 790 dices,
1418 759 1453 789 15

119 811 127 827 ‘
145 808 219 846 hac
248 822 342 847 ecce
371 822 528 847 mecum
558 809 718 847 dextera
746 808 830 846 litat
858 808 971 846 vobis

117 886 260 923 apsens
290 875 475 912 sacerdos
490 888 500 921 ,-
536 887 606 912 vos
636 881 771 924 putate
800 880 1048 923 praesentem

117 946 155 976 et
185 939 276 978 date
305 940 463 978 duobus
493 938 690 990 quidquid
718 940 815 977 alter
844 938 1021 989 optabit.‘

604 1088 751 1127 XCIII

117 1170 156 1208 Si
186 1168 291 1220 prior
320 1170 541 1220 Euganeas,
573 1170 773 1217 Clemens,
806 1168 1040 1208 Helicaonis
1070 1182 1157 1208 oras

169 1234 355 1285 pictaque
384 1234 606 1285 pampineis
635 1235 778 1274 videris
808 1248 898 1273 arva
927 1234 1037 1285 iugis,

116 1301 243 1350 perfer
270 1300 477 1339 Atestinae
507 1302 688 1339 nondum
717 1301 876 1350 vulgata
906 1299 1076 1338 Sabinae

169 1365 353 1412 carmina,
386 1379 581 1416 purpurea
610 1367 680 1404 sed
711 1367 834 1404 modo
863 1367 969 1404 culta
999 1372 1100 1415 toga.

114 1431 169 1468 Vt
197 1444 286 1469 rosa
314 1432 486 1469 delectat
515 1430 674 1469 metitur
703 1444 804 1481 quae
833 1430 977 1481 pollice
1006 1430 1145 1480 primo,

169 1496 225 1535 sic
254 1510 357 1535 nova
386 1510 461 1535 nec
490 1504 627 1535 mento
657 1496 817 1535 sordida
846 1497 981 1535 charta
1009 1495 1126 1534 iuvat.

601 1648 740 1687 XCIV

116 1731 210 1769 Non
240 1743 328 1769 mea
359 1731 556 1780 Massylus
586 1737 714 1769 servat
743 1728 920 1780 pomaria
949 1742 1120 1779 serpens,

168 1795 295 1846 regius
325 1795 484 1834 Alcinoi
513 1809 588 1834 nec
617 1794 714 1833 mihi
744 1795 861 1834 servit
889 1808 991 1845 ager,

113 1862 184 1900 sed
213 1862 470 1900 Nomentana
498 1875 658 1900 securus
686 1860 879 1911 germinat
907 1861 1044 1898 hortus

166 1927 317 1974 arbore,
348 1941 423 1966 nec
452 1928 577 1965 furem
606 1927 796 1976 plumbea
824 1927 928 1964 mala
956 1925 1107 1964 timent.

115 1994 230 2031 Haec
258 1992 374 2043 igitur
403 1992 535 2031 media
563 2006 666 2042 quae
695 1999 786 2030 sunt
815 1992 938 2030 modo
967 1998 1058 2029 nata
1088 1991 1242 2029 Subura
1434 2006 1450 2036 5

169 2057 361 2096 mittimus
390 2057 571 2096 autumni
602 2071 715 2096 cerea
744 2070 865 2108 poma
894 2056 983 2095 mei.

161 2167 199 2187 12
222 2167 288 2196 quo
315 2156 370 2187 ΒΑ
470 2161 734 2196 persequentem
761 2155 811 2186 C'A
836 2155 901 2195 (-te
928 2154 972 2193 V)
1108 2163 1146 2192 13
1171 2152 1266 2183 mitte
1294 2152 1344 2183 CA
1373 2152 1453 2193 (pro

115 2200 211 2240 mite)
329 2202 368 2231 16
385 2200 449 2231 hac
466 2200 562 2231 Ital.:
588 2201 673 2230 haec
692 2201 785 2241 (hec)
803 2198 997 2239 codd.‚fort.
1016 2201 1093 2228 recle
1215 2206 1252 2236 17
1272 2200 1387 2236 potate
1402 2196 1451 2226 CA

115 2245 148 2283 (i.
162 2254 187 2275 e.
209 2246 339 2285 putate)
498 2245 537 2275 18
560 2245 685 2283 optarit
700 2243 840 2284 (obtarit
853 2243 892 2283 L,
909 2242 1081 2282 optauerit
1097 2241 1148 2281 F)
1167 2241 1217 2271 vel
1230 2240 1361 2280 optabit
1381 2240 1447 2279 (Pfi

113 2288 177 2318 ·uit
194 2287 238 2327 Q)
255 2287 331 2318 BA:
356 2287 484 2327 optabit
502 2287 552 2318 CA

157 2330 274 2362 XCIII
299 2342 319 2370 4
344 2332 433 2362 culta
459 2333 551 2374 (cum
574 2342 642 2362 var.
660 2330 724 2361 lect.
746 2330 837 2370 suta)
861 2335 941 2368 toga
959 2329 1008 2360 CA
1024 2332 1060 2359 ut
1083 2327 1146 2360 vid.
1167 2329 1274 2365 (succ-
1290 2326 1401 2366 EAF,
1418 2337 1451 2357 c·

114 2407 208 2449 XVl,
227 2413 303 2440 suta
320 2408 395 2440 CV2
411 2408 486 2447 etc.)
505 2409 586 2449 (pro
602 2383 691 2439 csglta
706 2408 735 2448 ἓ)
752 2419 759 2439 :
782 2418 847 2438 om.
868 2407 924 2437 BA
1015 2416 1035 2445 5
1060 2405 1195 2437 mettius
1215 2405 1263 2436 CA
1280 2404 1321 2445 (ti
1332 2409 1396 2445 pro
1411 2405 1449 2441 it,

113 2462 130 2482 s
142 2457 205 2493 pro
220 2454 250 2493 r)
363 2452 477 2483 XCIV
504 2462 519 2483 1
547 2453 632 2483 mica
650 2452 700 2483 CA
718 2452 798 2493 (pro
815 2461 889 2481 mea
904 2453 913 2482 2
936 2461 952 2481 c
964 2455 1027 2490 pro
1044 2451 1077 2490 e)
1147 2459 1167 2488 3
1191 2448 1381 2480 isterminat
1400 2447 1450 2478 CA
