1648 2729
721 160 1189 198 EPIGRAMMATON
1222 160 1393 197 LIBER

578 271 653 307 XV

55 344 219 381 Summa
247 349 348 388 tuae,
381 342 592 390 Meleagre,
623 339 695 378 fuit
724 354 825 390 quae
854 340 976 390 gloria
1005 342 1143 389 famae,

110 414 294 458 quantast
325 405 572 455 Carpophori
601 405 743 455 portio,
774 407 884 444 fusus
914 410 1031 456 aper!

57 472 120 510 ille
149 480 187 510 et
217 470 420 522 praecipiti
448 471 645 509 venabula
674 470 853 510 condidit
882 485 985 519 urso,

109 537 257 587 primus
287 536 327 574 in
357 535 493 574 Arctoi
522 535 590 586 qui
622 536 694 574 fuit
723 550 811 575 arce
841 536 933 586 poli,

56 601 189 641 stravit
217 610 255 640 et
285 601 419 651 ignota
448 603 709 651 spectandum
740 604 845 640 mole
875 604 1045 649 leonem,
1377 619 1394 648 5

111 669 331 706 Herculeas
360 666 488 717 potuit
518 666 586 717 qui
616 666 799 706 decuisse
829 681 981 714 manus,

56 742 94 772 et
123 734 323 772 volucrem
353 734 472 782 longo
502 732 672 782 porrexit
700 734 861 772 vulnere
889 734 1069 783 pardum.

110 797 283 848 praemia
311 811 402 836 cum
432 799 616 837 “Haudem
647 799 744 836 ferre
773 799 905 837 adhuc
935 802 1147 848 poteram†.

564 904 662 940 XVI

58 976 211 1023 Raptus
240 973 322 1011 abit
352 972 483 1011 media
512 974 621 1023 quod
650 975 701 1011 ad
730 974 889 1011 aethera
918 980 1051 1011 taurus
1081 973 1237 1019 harena,

112 1052 192 1077 non
221 1038 293 1076 fuit
322 1039 400 1077 hoc
428 1038 531 1085 artis,
563 1039 633 1077 sed
662 1037 818 1088 pietatis
849 1051 960 1088 opus.

542 1143 641 1180 XVI
664 1142 689 1180 b

58 1216 226 1252 Vexerat
257 1215 445 1263 Europen
474 1214 643 1251 fraterna
672 1226 740 1262 per
768 1226 941 1263 aequora
970 1220 1127 1251 taurus:

111 1287 150 1317 at
179 1293 286 1317 nunc
316 1278 486 1317 Alciden
515 1286 648 1316 taurus
678 1277 717 1316 in
747 1286 849 1316 astra
879 1278 976 1316 tulit.

59 1344 238 1384 Caesaris
266 1353 385 1394 atque
417 1344 522 1382 Iovis
553 1345 688 1382 confer
718 1357 834 1391 nune,
866 1345 982 1391 fama,
1014 1343 1226 1383 iuvencos:

112 1425 181 1462 par
209 1424 310 1449 onus
339 1418 382 1448 ut
411 1410 580 1457 tulerint,
612 1409 727 1448 altius
758 1409 829 1448 iste
859 1409 957 1447 tulit.

604 1516 726 1552 XVII

61 1594 182 1642 Quod
212 1592 299 1643 pius
329 1600 367 1631 et
396 1593 561 1643 supplex
590 1593 750 1642 elephas
780 1599 829 1638 te,
863 1592 1018 1637 Caesar,
1050 1591 1188 1629 adorat

114 1659 178 1697 hic
208 1660 330 1697 modo
360 1658 427 1708 qui
457 1666 569 1696 tauro
599 1665 679 1695 tarn
710 1658 949 1695 metuendus
980 1663 1071 1703 erat,

61 1738 142 1763 non
171 1723 263 1762 facit
292 1725 369 1762 hoc
398 1723 538 1770 iussus,
570 1724 761 1772 nulloque
790 1723 960 1760 docente
991 1720 1187 1772 magistr0‚

114 1791 231 1828 crede
260 1788 368 1836 mihi,
399 1796 578 1827 nostrum
609 1787 727 1826 sentit
756 1795 795 1825 et
824 1787 888 1826 ille
918 1788 1049 1826 deum.

600 1894 747 1930 XVIII

63 1972 257 2011 Lambere
286 1970 412 2009 securi
441 1972 617 2009 dextram
647 1977 836 2008 consueta
867 1968 1040 2019 magistri

115 2037 233 2088 tigris,
263 2038 315 2075 ab
346 2038 535 2086 Hyrcano
565 2034 687 2085 gloria
715 2048 799 2073 rara
827 2033 929 2084 iugo,

107 2143 171 2173 XV
193 2141 265 2173 hab.
287 2141 317 2172 T
382 2152 395 2172 1
415 2141 525 2172 famae
536 2140 632 2172 Ital.:
661 2150 755 2170 sume
775 2139 805 2169 T
866 2150 885 2169 2
905 2143 1031 2178 quanta
1044 2143 1096 2169 est
1108 2137 1183 2168 Ital.
1203 2149 1209 2168 :
1233 2144 1396 2177 quantum

63 2192 116 2218 est
128 2186 207 2217 AA:
224 2186 387 2226 quantula
397 2185 518 2215 Iunius
532 2195 538 2214 :
552 2185 632 2224 fort.
646 2189 739 2214 tanta
751 2188 802 2214 est
862 2184 882 2212 8
899 2193 949 2222 pr.
962 2193 1035 2213 cum
1049 2182 1159 2212 laudis
1171 2182 1280 2219 r-dum
1293 2182 1377 2211 Ellis
1392 2194 1398 2211 z

63 2232 200 2262 tandem
213 2229 448 2269 Schneidewin)
459 2228 692 2267 ferret,ad11uc
705 2232 835 2267 poterat
847 2226 926 2257 Ald.
942 2238 948 2257 :
963 2226 1073 2266 pr.cui
1086 2226 1220 2256 laudem
1232 2225 1320 2256 ferre
1331 2227 1398 2256 duo

64 2285 117 2314 χες.
131 2284 230 2305 ursus
243 2278 277 2304 et
290 2274 359 2313 leo)
373 2277 531 2312 poterant
543 2272 716 2302 Buecheler
813 2271 894 2301 XVI
913 2271 986 2301 lzab.
1007 2271 1036 2300 T
1092 2280 1106 2300 1
1125 2270 1167 2300 ad
1180 2269 1271 2300 Ital.:
1288 2280 1353 2300 om.
1376 2269 1404 2299 T

108 2318 188 2348 XVI
203 2319 222 2348 b
254 2317 326 2348 hab.
349 2317 382 2348 T.
456 2316 542 2347 Cum
561 2316 641 2346 XVI
660 2315 753 2355 confl.
772 2314 952 2353 Ilal.,fort.
971 2317 1046 2344 recte
1186 2323 1205 2351 3
1231 2313 1348 2343 confer
1364 2324 1393 2343 n.

65 2362 152 2392 sama
168 2361 347 2392 Heinsius:
372 2360 525 2392 conferre
545 2370 576 2392 n.
597 2365 705 2390 stama
720 2358 804 2389 AA:
826 2357 959 2389 confert
977 2369 1007 2389 n.
1027 2362 1160 2396 stegma
1178 2357 1241 2397 (vel
1255 2361 1397 2387 stemma

64 2406 113 2436 vel
126 2405 277 2445 schema)
293 2405 366 2436 Ital.

107 2449 205 2480 XVII
245 2449 317 2479 lmb.
340 2449 369 2478 T
452 2458 472 2487 3
493 2451 568 2488 post
583 2448 694 2478 iussus
709 2446 846 2477 distinxi
1086 2443 1203 2475 XVIII
1221 2443 1293 2474 lmb.
1316 2443 1345 2473 T
