1648 2729
161 112 215 148 M.
250 112 286 147 V
288 111 371 148 AL.
406 111 721 151 MARTIALIS

675 224 760 262 XII

267 305 390 353 Quod
419 304 600 343 nutantia
626 306 755 344 fronte
783 305 974 356 perticata

265 377 392 419 gestat
420 371 598 420 pondera
628 371 826 410 Masclion
855 373 1060 422 superbus,

265 442 333 473 aut
361 435 519 485 grandis
550 436 679 474 Ninus
710 436 896 476 omnibus
926 437 1080 477 lacertis

267 508 420 551 septem
450 502 559 551 quod
589 515 732 552 pueros
762 504 864 541 levat
892 504 955 542 vel
984 511 1087 551 octo,

267 579 326 604 res
357 579 438 605 non
468 566 637 605 difficilis
668 567 764 605 mihi
793 567 958 615 videtur,
1480 589 1497 620 5

268 645 347 670 uno
378 645 469 670 cum
500 632 623 683 digito
652 634 714 671 vel
744 634 821 672 hoc
850 635 912 672 vel
942 633 1009 672 illo

267 705 395 747 portet
425 699 545 737 Stella
574 712 686 737 meus
716 699 857 737 decem
888 700 1049 750 puellas.

664 805 773 841 XIII

159 888 266 931 Sum,
298 885 432 932 fateor,
464 898 699 935 semperque
728 884 794 932 fui,
828 885 1060 933 Callistrate,
1092 899 1241 936 pauper

213 950 283 988 sed
312 963 394 988 non
423 950 614 988 obscurus
644 964 718 989 nec
749 952 850 989 male
880 959 997 990 notus
1027 964 1159 1001 eques,

160 1016 229 1053 sed
259 1023 343 1053 toto
373 1016 481 1065 legor
509 1016 605 1054 orbe
634 1018 818 1066 frequens
849 1024 888 1055 et
917 1016 1060 1055 dicitur
1091 1016 1196 1055 ‘Hic
1226 1019 1309 1063 est‚'

213 1082 404 1130 quodque
433 1081 532 1119 cinis
562 1081 697 1132 paucis
727 1083 804 1120 hoc
835 1082 933 1120 mihi
961 1081 1041 1120 vita
1070 1082 1191 1121 dedit.

159 1154 197 1184 at
228 1155 294 1184 tua
324 1146 501 1185 centenis
531 1146 769 1185 incumbunt
798 1155 902 1186 tecta
931 1149 1128 1186 columnis
1480 1165 1497 1195 5

214 1220 251 1249 et
281 1211 483 1250 libertinas
512 1226 601 1251 arca
630 1214 800 1263 flagellat
830 1226 938 1263 opeS,

162 1290 383 1327 magnaque
414 1277 592 1316 Niliacae
622 1278 738 1316 servit
768 1278 838 1316 tibi
868 1279 984 1329 gleba
1013 1280 1161 1328 Syenes

214 1344 353 1381 tondet
383 1351 422 1381 et
451 1342 679 1382 innumeros
711 1344 864 1382 Gallica
893 1346 1035 1382 Parma
1063 1358 1207 1395 greges.

162 1410 238 1446 hoc
268 1421 341 1458 ego
371 1416 494 1458 tuque
524 1422 685 1447 sumus:
725 1411 795 1448 sed
825 1411 935 1459 quod
965 1423 1053 1448 sum
1083 1423 1165 1448 non
1195 1417 1309 1460 potes
1339 1423 1451 1449 esse:

214 1481 256 1511 tu
286 1475 395 1523 quod
425 1487 466 1512 es
496 1487 518 1512 e
547 1476 697 1524 populo
727 1474 894 1524 quilibet
922 1488 1009 1514 esse
1037 1483 1177 1526 potest.
1462 1491 1501 1512 10

672 1576 774 1612 XIV

162 1650 307 1688 Sedere
336 1649 464 1699 primo
494 1650 632 1688 solitus
662 1650 702 1688 in
731 1652 854 1701 gradu
884 1664 1040 1702 semper

161 1724 267 1762 tunc,
299 1728 390 1753 cum
420 1715 553 1754 liceret
583 1730 789 1766 occupare,
822 1716 1028 1755 Nanneius

164 1780 222 1819 bis
252 1780 442 1819 excitatus
471 1790 608 1831 terque
637 1781 834 1820 transtulit
863 1790 1000 1829 castra,

163 1853 200 1884 et
230 1846 331 1884 inter
360 1846 463 1896 ipsas
493 1860 621 1896 paene
651 1847 787 1886 tertius
817 1849 932 1886 sellas

164 1919 251 1961 post
283 1911 509 1961 Gaiumque
540 1912 789 1963 Luciumque
819 1912 1011 1951 consedit.
1484 1929 1500 1960 5

163 1976 269 2015 illinc
299 1978 456 2015 cucullo
486 1977 674 2028 prospicit
704 1986 823 2028 caput
852 1986 978 2017 tectus

163 2044 361 2092 oculoque
390 2044 507 2081 ludos
537 2052 688 2094 spectat
717 2044 907 2083 indecens
937 2057 1028 2083 uno.

163 2116 201 2146 et
232 2107 323 2146 hinc
354 2108 470 2146 miser
499 2108 676 2147 deiectus
706 2109 745 2147 in
775 2109 876 2148 viam
909 2109 1055 2156 transit,

164 2173 434 2223 subsellioque
463 2173 683 2212 semifultus
713 2182 889 2214 extremo

208 2277 274 2307 XII
303 2287 315 2307 1
344 2278 509 2316 perticata
526 2277 603 2308 BA:
627 2278 795 2317 pertinaci
814 2277 862 2309 CA
945 2288 964 2308 2
991 2277 1177 2308 Maschlion
1193 2277 1269 2308 Ital.
1292 2279 1327 2313 (a
1344 2275 1500 2316 μασχάλη

168 2320 297 2360 Gz'lbert)
367 2331 387 2359 3
413 2322 503 2352 linus
521 2321 598 2352 BA:
622 2322 722 2352 ninus
742 2322 789 2352 CA
956 2321 1042 2352 XIII
1067 2321 1141 2352 hab.
1165 2321 1212 2360 T;
1236 2331 1287 2352 vv.
1304 2331 1363 2360 1-4
1380 2320 1501 2351 halal?

165 2366 185 2394 8
211 2364 326 2395 callica
343 2365 389 2395 CA
558 2365 641 2395 XIV
665 2375 684 2395 2
710 2365 794 2395 Cum
812 2365 866 2396 BA
887 2366 960 2406 (pro
977 2365 1063 2395 Tum
1081 2375 1156 2396 cum
1169 2365 1193 2405 ἔ)
1213 2376 1220 2396 :
1243 2364 1340 2396 Tunc
1357 2375 1432 2395 cum
1450 2363 1501 2395 CA

167 2419 186 2446 3
211 2409 347 2449 terque]
366 2413 487 2448 terque
504 2413 694 2449 quaterque
710 2409 765 2439 BA
855 2410 876 2440 8
899 2409 954 2440 uia
973 2409 1022 2440 CA
