1648 2729
171 145 226 182 M.
260 144 383 181 VAL.
419 142 734 181 MARTIALIS

681 255 782 292 XVI

171 337 394 377 Consilium
423 338 573 376 formae
602 338 808 387 speculum
838 334 1046 384 dulcisque
1076 333 1239 384 capillos

226 404 442 453 Pergameo
471 401 603 453 posuit
633 403 740 441 dona
769 408 919 440 sacrata
948 401 1026 439 deo

172 469 236 507 ille
265 481 362 518 puer
390 475 474 506 tota
502 467 668 506 domino
697 466 939 518 gratissimus
970 467 1071 512 aula,

226 533 389 572 nomine
419 532 487 583 qui
516 532 643 582 signat
672 540 851 582 tempora
878 545 999 569 verna
1028 544 1112 569 suo.

174 598 282 637 Felix
312 611 413 648 quae
442 597 509 636 tali
539 604 721 636 censetur
750 610 913 635 munere
943 598 1081 634 tellus!
1494 608 1511 640 5

228 677 301 702 nec
332 664 610 713 Ganymedeas
640 664 773 701 mallet
802 662 948 700 habere
978 674 1124 700 comas.

676 796 799 833 XVII

178 882 354 917 Latonae
383 878 608 916 venerande
639 890 773 927 nepos,
807 875 874 926 qui
904 875 1066 914 mitibus
1095 875 1227 914 herbis

233 947 443 983 Parcarum
474 956 610 982 exoras
639 956 763 993 pensa
792 943 1011 991 brevesque
1040 942 1161 988 colos,

178 1012 251 1048 hos
281 1008 353 1047 tibi
381 1009 563 1047 laudatos
594 1007 770 1055 domino,
802 1015 885 1045 rata
913 1015 1016 1054 vota,
1048 1006 1211 1056 capillos

232 1075 296 1113 ille
326 1082 416 1112 tuus
447 1073 560 1111 Latia
589 1072 693 1111 misit
722 1073 773 1111 ab
803 1072 900 1110 urbe
929 1086 1052 1122 puer;

179 1139 334 1179 addidit
364 1147 402 1177 et
431 1138 601 1176 nitidum
632 1137 790 1176 sacratis
821 1137 994 1176 crinibus
1024 1137 1175 1184 orbem,
1500 1151 1517 1182 5

235 1219 315 1255 quo
344 1204 435 1243 felix
463 1203 582 1242 facies
611 1202 743 1242 iudice
772 1210 856 1241 tuta
885 1202 966 1240 fuit.

181 1273 244 1309 Tu
274 1270 454 1308 iuvenale
476 1270 606 1308 'decus
636 1282 756 1316 serva,
788 1282 838 1307 ne
867 1267 1066 1318 pulchrior
1094 1266 1159 1306 ille

237 1336 275 1374 in
306 1337 424 1385 longa
452 1334 567 1373 fuerit
597 1348 716 1385 quam
747 1333 924 1373 breviore
959 1346 1085 1372 coma.

671 1465 818 1502 XVIII

188 1551 259 1587 Est
288 1547 570 1597 mihi—sitque
600 1560 738 1596 precor
767 1547 930 1595 longum
960 1552 998 1583 te
1028 1543 1219 1594 praeside,
1253 1544 1452 1583 Caesar-

241 1627 304 1652 rus
334 1612 556 1660 minimum,
588 1611 695 1662 parvi
726 1619 817 1650 sunt
847 1618 884 1649 et
914 1610 953 1648 in
984 1610 1081 1648 urbe
1110 1611 1220 1647 lares.

188 1680 258 1717 sed
288 1680 339 1717 de
368 1680 467 1716 valle
497 1677 606 1715 brevi
635 1690 733 1726 quas
763 1678 830 1715 det
860 1675 1083 1713 sitientibus
1112 1673 1235 1712 hortis

243 1757 362 1782 curva
389 1744 587 1782 laboratas
616 1742 738 1780 antlia
767 1741 868 1780 tollit
897 1754 1047 1790 aquas:

190 1809 293 1847 sicca
322 1809 466 1853 domus
496 1806 671 1857 queritur
700 1807 810 1844 nullo
839 1819 880 1844 se
910 1818 995 1843 rore
1024 1803 1157 1851 foveri,
1509 1820 1525 1851 5

244 1887 335 1912 eum
366 1872 463 1910 mihi
491 1871 623 1910 vicino
655 1871 806 1909 Marcia
836 1872 945 1908 fonte
975 1877 1100 1908 sonet.

192 1941 324 1988 Quam
355 1937 511 1976 dederis
541 1936 695 1984 nostris,
727 1938 916 1986 Auguste,
949 1934 1159 1985 penatibus
1189 1935 1349 1981 undam,

247 2003 414 2043 Castalis
444 2004 543 2041 haec
573 2001 688 2040 nobis
718 2009 785 2039 aut
816 2000 922 2039 Iovis
952 2000 1078 2038 imber
1107 1999 1189 2038 erit.

238 2107 317 2138 XVI
343 2117 418 2137 cum
437 2107 502 2137 XV
517 2105 610 2144 confl.
632 2105 682 2136 CA
770 2116 790 2136 2
815 2104 1004 2143 Pergamea
1019 2103 1076 2134 ΒΑ
1216 2113 1236 2142 3
1260 2102 1345 2143 tota]
1366 2107 1462 2133 tanto
1481 2102 1530 2133 CA

199 2153 274 2201 (pro
291 2150 378 2214 tatoA)
496 2151 633 2181 domine
650 2148 679 2178 L
812 2159 831 2187 4
857 2149 992 2178 nomina
1014 2151 1051 2178 ut
1069 2147 1133 2179 vid.
1152 2146 1209 2176 ΒΑ
1319 2147 1430 2186 signat
1452 2145 1508 2176 BA
1523 2158 1530 2176 τ

195 2194 436 2268 ςιῗέξῗίῗΙιαό.
462 2237 496 2269 T.
548 2237 635 2267 Cum
654 2236 734 2266 XVI
753 2235 845 2275 confl.
867 2235 916 2266 CA
1058 2245 1077 2273 3
1102 2234 1192 2265 domi
1214 2234 1337 2274 T(pro
1365 2232 1529 2272 dominil)

195 2283 226 2313 d.
255 2292 279 2313 r.
299 2287 379 2312 uota
394 2281 477 2311 AA:
501 2282 532 2311 d.
552 2291 612 2310 sua
629 2285 708 2310 uota
721 2279 799 2309 BA:
825 2281 856 2310 d.
877 2289 901 2311 r.
921 2289 1006 2310 uoce
1024 2278 1074 2309 CA
1183 2279 1204 2308 6
1227 2279 1318 2317 quod
1339 2277 1370 2307 T
1431 2276 1531 2308 faciet

197 2326 248 2356 CA
335 2329 406 2355 tota
425 2324 475 2355 CA
608 2324 628 2353 8
651 2323 773 2353 fuerint
792 2323 840 2353 CA

197 2415 217 2443 8
241 2368 495 2443 Χῖζῌῖσίῳιειε
508 2366 582 2408 det]
600 2377 698 2407 quarn
711 2367 753 2397 de
765 2366 819 2396 ΒΑ
893 2378 911 2405 4
929 2365 1016 2396 tollit
1027 2365 1096 2396 BA:
1114 2365 1205 2396 ducit
1217 2364 1267 2395 CA
1335 2365 1356 2394 6
1371 2368 1469 2395 sonat
1481 2362 1530 2394 CA

242 2423 283 2443 nu
310 2423 337 2442 15
