<?xml version="1.0" encoding="UTF-8"?>
<!DOCTYPE html PUBLIC "-//W3C//DTD XHTML 1.0 Transitional//EN"
    "http://www.w3.org/TR/xhtml1/DTD/xhtml1-transitional.dtd">
<html xmlns="http://www.w3.org/1999/xhtml" xml:lang="en" lang="en">
 <head>
  <title>
</title>
<meta http-equiv="Content-Type" content="text/html;charset=utf-8" />
  <meta name='ocr-system' content='tesseract 3.04.00' />
  <meta name='ocr-capabilities' content='ocr_page ocr_carea ocr_par ocr_line ocrx_word'/>
</head>
<body>
  <div class='ocr_page' id='page_1' title='image "./epigrammatasele00martuoft_0150.png"; bbox 0 0 1648 2729; ppageno 0'>
   <div class='ocr_carea' id='block_1_1' title="bbox 141 104 704 143">
    <p class='ocr_par' dir='ltr' id='par_1_1' title="bbox 141 104 704 143">
     <span class='ocr_line' id='line_1_1' title="bbox 141 104 704 143; baseline 0.002 -2"><span class='ocrx_word' id='word_1_1' title='bbox 141 106 198 142; x_wconf 88' lang='lat' dir='ltr'>M.</span> <span class='ocrx_word' id='word_1_2' title='bbox 231 104 355 141; x_wconf 86' lang='lat' dir='ltr'>VAL.</span> <span class='ocrx_word' id='word_1_3' title='bbox 387 104 704 143; x_wconf 87' lang='lat' dir='ltr'><strong>MARTIALIS</strong></span> 
     </span>
    </p>
   </div>
   <div class='ocr_carea' id='block_1_2' title="bbox 142 214 1491 465">
    <p class='ocr_par' dir='ltr' id='par_1_2' title="bbox 142 214 1491 465">
     <span class='ocr_line' id='line_1_2' title="bbox 142 214 1134 267; baseline 0.004 -15"><span class='ocrx_word' id='word_1_4' title='bbox 142 214 182 253; x_wconf 82' lang='lat' dir='ltr'>Si</span> <span class='ocrx_word' id='word_1_5' title='bbox 213 214 310 253; x_wconf 86' lang='lat' dir='ltr'>mihi</span> <span class='ocrx_word' id='word_1_6' title='bbox 339 215 520 254; x_wconf 90' lang='lat' dir='ltr'>lanificae</span> <span class='ocrx_word' id='word_1_7' title='bbox 550 216 703 254; x_wconf 89' lang='lat' dir='ltr'>ducunt</span> <span class='ocrx_word' id='word_1_8' title='bbox 732 230 814 255; x_wconf 90' lang='lat' dir='ltr'>non</span> <span class='ocrx_word' id='word_1_9' title='bbox 844 218 952 267; x_wconf 89' lang='lat' dir='ltr'>pulla</span> <span class='ocrx_word' id='word_1_10' title='bbox 981 230 1134 256; x_wconf 85' lang='lat' dir='ltr'>sorores</span> 
     </span>
     <span class='ocr_line' id='line_1_3' title="bbox 196 281 1136 330; baseline 0.002 -10"><span class='ocrx_word' id='word_1_11' title='bbox 196 281 366 320; x_wconf 86' lang='lat' dir='ltr'>stamina</span> <span class='ocrx_word' id='word_1_12' title='bbox 395 295 469 321; x_wconf 87' lang='lat' dir='ltr'>nec</span> <span class='ocrx_word' id='word_1_13' title='bbox 499 283 641 320; x_wconf 90' lang='lat' dir='ltr'>surdos</span> <span class='ocrx_word' id='word_1_14' title='bbox 671 296 746 321; x_wconf 83' lang='lat' dir='ltr'>vox</span> <span class='ocrx_word' id='word_1_15' title='bbox 775 283 896 321; x_wconf 85' lang='lat' dir='ltr'>habet</span> <span class='ocrx_word' id='word_1_16' title='bbox 925 282 998 321; x_wconf 86' lang='lat' dir='ltr'>ista</span> <span class='ocrx_word' id='word_1_17' title='bbox 1027 285 1136 330; x_wconf 76' lang='lat' dir='ltr'>deos,</span> 
     </span>
     <span class='ocr_line' id='line_1_4' title="bbox 144 346 1171 398; baseline 0.003 -14"><span class='ocrx_word' id='word_1_18' title='bbox 144 346 292 398; x_wconf 86' lang='lat' dir='ltr'>sospite</span> <span class='ocrx_word' id='word_1_19' title='bbox 323 361 387 386; x_wconf 88' lang='lat' dir='ltr'>me</span> <span class='ocrx_word' id='word_1_20' title='bbox 417 361 554 398; x_wconf 87' lang='lat' dir='ltr'>sospes</span> <span class='ocrx_word' id='word_1_21' title='bbox 585 347 717 386; x_wconf 86' lang='lat' dir='ltr'>Latias</span> <span class='ocrx_word' id='word_1_22' title='bbox 748 348 943 387; x_wconf 86' lang='lat' dir='ltr'>reveheris</span> <span class='ocrx_word' id='word_1_23' title='bbox 973 350 1024 387; x_wconf 89' lang='lat' dir='ltr'>ad</span> <span class='ocrx_word' id='word_1_24' title='bbox 1054 349 1171 388; x_wconf 85' lang='lat' dir='ltr'>urbes</span> 
     </span>
     <span class='ocr_line' id='line_1_5' title="bbox 199 413 1491 465; baseline 0.002 -14"><span class='ocrx_word' id='word_1_25' title='bbox 199 421 237 451; x_wconf 93' lang='lat' dir='ltr'>et</span> <span class='ocrx_word' id='word_1_26' title='bbox 268 414 410 452; x_wconf 87' lang='lat' dir='ltr'>referes</span> <span class='ocrx_word' id='word_1_27' title='bbox 441 413 509 464; x_wconf 88' lang='lat' dir='ltr'>pili</span> <span class='ocrx_word' id='word_1_28' title='bbox 540 413 714 464; x_wconf 82' lang='lat' dir='ltr'>praemia</span> <span class='ocrx_word' id='word_1_29' title='bbox 743 415 870 453; x_wconf 86' lang='lat' dir='ltr'>clarus</span> <span class='ocrx_word' id='word_1_30' title='bbox 901 428 1033 465; x_wconf 80' lang='lat' dir='ltr'>eques.</span> <span class='ocrx_word' id='word_1_31' title='bbox 1452 433 1491 454; x_wconf 92' lang='lat'>10</span> 
     </span>
    </p>
   </div>
   <div class='ocr_carea' id='block_1_3' title="bbox 662 520 759 557">
    <p class='ocr_par' dir='ltr' id='par_1_3' title="bbox 662 520 759 557">
     <span class='ocr_line' id='line_1_6' title="bbox 662 520 759 557; baseline 0 0"><span class='ocrx_word' id='word_1_32' title='bbox 662 520 759 557; x_wconf 87' lang='lat' dir='ltr'>LIX</span> 
     </span>
    </p>
   </div>
   <div class='ocr_carea' id='block_1_4' title="bbox 145 595 1493 1107">
    <p class='ocr_par' dir='ltr' id='par_1_4' title="bbox 145 595 1493 1107">
     <span class='ocr_line' id='line_1_7' title="bbox 147 595 1235 649; baseline 0.003 -16"><span class='ocrx_word' id='word_1_33' title='bbox 147 598 197 633; x_wconf 90' lang='lat' dir='ltr'>Et</span> <span class='ocrx_word' id='word_1_34' title='bbox 227 596 336 634; x_wconf 85' lang='lat' dir='ltr'>dolet</span> <span class='ocrx_word' id='word_1_35' title='bbox 367 602 405 633; x_wconf 84' lang='lat' dir='ltr'>et</span> <span class='ocrx_word' id='word_1_36' title='bbox 435 595 611 645; x_wconf 85' lang='lat' dir='ltr'>queritur</span> <span class='ocrx_word' id='word_1_37' title='bbox 640 595 715 634; x_wconf 83' lang='lat' dir='ltr'>sibi</span> <span class='ocrx_word' id='word_1_38' title='bbox 746 610 826 634; x_wconf 90' lang='lat' dir='ltr'>non</span> <span class='ocrx_word' id='word_1_39' title='bbox 857 596 1087 647; x_wconf 86' lang='lat' dir='ltr'>contingere</span> <span class='ocrx_word' id='word_1_40' title='bbox 1116 597 1235 649; x_wconf 85' lang='lat' dir='ltr'>frigus</span> 
     </span>
     <span class='ocr_line' id='line_1_8' title="bbox 200 662 1070 712; baseline 0.002 -13"><span class='ocrx_word' id='word_1_41' title='bbox 200 668 360 711; x_wconf 88' lang='lat' dir='ltr'>propter</span> <span class='ocrx_word' id='word_1_42' title='bbox 389 668 590 699; x_wconf 89' lang='lat' dir='ltr'>sescentas</span> <span class='ocrx_word' id='word_1_43' title='bbox 622 663 795 700; x_wconf 81' lang='lat' dir='ltr'>Baccara</span> <span class='ocrx_word' id='word_1_44' title='bbox 824 662 1070 712; x_wconf 64' lang='lat' dir='ltr'>gausapfflas,</span> 
     </span>
     <span class='ocr_line' id='line_1_9' title="bbox 145 727 1152 779; baseline 0.002 -14"><span class='ocrx_word' id='word_1_45' title='bbox 145 734 256 777; x_wconf 85' lang='lat' dir='ltr'>optat</span> <span class='ocrx_word' id='word_1_46' title='bbox 286 734 324 765; x_wconf 90' lang='lat' dir='ltr'>et</span> <span class='ocrx_word' id='word_1_47' title='bbox 354 727 542 765; x_wconf 87' lang='lat' dir='ltr'>obscuras</span> <span class='ocrx_word' id='word_1_48' title='bbox 573 728 681 766; x_wconf 90' lang='lat' dir='ltr'>luces</span> <span class='ocrx_word' id='word_1_49' title='bbox 710 735 932 778; x_wconf 86' lang='lat' dir='ltr'>ventosque</span> <span class='ocrx_word' id='word_1_50' title='bbox 962 728 1152 779; x_wconf 85' lang='lat' dir='ltr'>nivesque</span> 
     </span>
     <span class='ocr_line' id='line_1_10' title="bbox 200 792 976 844; baseline 0.003 -14"><span class='ocrx_word' id='word_1_51' title='bbox 200 792 284 831; x_wconf 85' lang='lat' dir='ltr'>odit</span> <span class='ocrx_word' id='word_1_52' title='bbox 314 802 352 831; x_wconf 88' lang='lat' dir='ltr'>et</span> <span class='ocrx_word' id='word_1_53' title='bbox 382 792 582 840; x_wconf 83' lang='lat' dir='ltr'>hibernos,</span> <span class='ocrx_word' id='word_1_54' title='bbox 614 792 646 831; x_wconf 89' lang='lat' dir='ltr'>si</span> <span class='ocrx_word' id='word_1_55' title='bbox 676 801 851 844; x_wconf 76' lang='lat' dir='ltr'>tepuere,</span> <span class='ocrx_word' id='word_1_56' title='bbox 881 793 976 833; x_wconf 89' lang='lat' dir='ltr'>dies.</span> 
     </span>
     <span class='ocr_line' id='line_1_11' title="bbox 147 857 1493 908; baseline 0.003 -12"><span class='ocrx_word' id='word_1_57' title='bbox 147 857 243 908; x_wconf 84' lang='lat' dir='ltr'>quid</span> <span class='ocrx_word' id='word_1_58' title='bbox 273 859 400 897; x_wconf 87' lang='lat' dir='ltr'>fecere</span> <span class='ocrx_word' id='word_1_59' title='bbox 431 858 523 896; x_wconf 85' lang='lat' dir='ltr'>mali</span> <span class='ocrx_word' id='word_1_60' title='bbox 553 867 710 898; x_wconf 86' lang='lat' dir='ltr'>nostrae</span> <span class='ocrx_word' id='word_1_61' title='bbox 740 859 822 907; x_wconf 87' lang='lat' dir='ltr'>tibi,</span> <span class='ocrx_word' id='word_1_62' title='bbox 855 873 981 907; x_wconf 85' lang='lat' dir='ltr'>saeve,</span> <span class='ocrx_word' id='word_1_63' title='bbox 1013 861 1192 900; x_wconf 83' lang='lat' dir='ltr'>lacernae</span> <span class='ocrx_word' id='word_1_64' title='bbox 1476 878 1493 908; x_wconf 80' lang='lat'>5</span> 
     </span>
     <span class='ocr_line' id='line_1_12' title="bbox 201 924 1184 976; baseline 0.001 -13"><span class='ocrx_word' id='word_1_65' title='bbox 201 925 338 963; x_wconf 85' lang='lat' dir='ltr'>tollere</span> <span class='ocrx_word' id='word_1_66' title='bbox 367 925 418 963; x_wconf 91' lang='lat' dir='ltr'>de</span> <span class='ocrx_word' id='word_1_67' title='bbox 447 924 618 974; x_wconf 86' lang='lat' dir='ltr'>scapulis</span> <span class='ocrx_word' id='word_1_68' title='bbox 649 938 745 974; x_wconf 84' lang='lat' dir='ltr'>quas</span> <span class='ocrx_word' id='word_1_69' title='bbox 776 925 871 963; x_wconf 87' lang='lat' dir='ltr'>levis</span> <span class='ocrx_word' id='word_1_70' title='bbox 901 939 995 964; x_wconf 87' lang='lat' dir='ltr'>aura</span> <span class='ocrx_word' id='word_1_71' title='bbox 1024 928 1184 976; x_wconf 87' lang='lat' dir='ltr'>potest?</span> 
     </span>
     <span class='ocr_line' id='line_1_13' title="bbox 148 989 1207 1040; baseline 0.003 -13"><span class='ocrx_word' id='word_1_72' title='bbox 148 997 298 1039; x_wconf 85' lang='lat' dir='ltr'>quanto</span> <span class='ocrx_word' id='word_1_73' title='bbox 327 989 555 1039; x_wconf 86' lang='lat' dir='ltr'>simplicius,</span> <span class='ocrx_word' id='word_1_74' title='bbox 588 998 739 1040; x_wconf 87' lang='lat' dir='ltr'>quanto</span> <span class='ocrx_word' id='word_1_75' title='bbox 769 998 827 1029; x_wconf 84' lang='lat' dir='ltr'>est</span> <span class='ocrx_word' id='word_1_76' title='bbox 856 991 1068 1030; x_wconf 79' lang='lat' dir='ltr'>humanius</span> <span class='ocrx_word' id='word_1_77' title='bbox 1097 991 1207 1039; x_wconf 87' lang='lat' dir='ltr'>illud,</span> 
     </span>
     <span class='ocr_line' id='line_1_14' title="bbox 203 1056 1110 1107; baseline 0.004 -15"><span class='ocrx_word' id='word_1_78' title='bbox 203 1068 339 1094; x_wconf 85' lang='lat' dir='ltr'>mense</span> <span class='ocrx_word' id='word_1_79' title='bbox 368 1056 428 1093; x_wconf 90' lang='lat' dir='ltr'>vel</span> <span class='ocrx_word' id='word_1_80' title='bbox 458 1057 640 1106; x_wconf 87' lang='lat' dir='ltr'>Augusto</span> <span class='ocrx_word' id='word_1_81' title='bbox 670 1069 825 1095; x_wconf 89' lang='lat' dir='ltr'>sumere</span> <span class='ocrx_word' id='word_1_82' title='bbox 851 1056 1110 1107; x_wconf 84' lang='lat' dir='ltr'>gausapinas!</span> 
     </span>
    </p>
   </div>
   <div class='ocr_carea' id='block_1_5' title="bbox 594 1160 830 1212">
    <p class='ocr_par' dir='ltr' id='par_1_5' title="bbox 594 1160 830 1212">
     <span class='ocr_line' id='line_1_15' title="bbox 594 1160 830 1212; baseline 0 -13"><span class='ocrx_word' id='word_1_83' title='bbox 594 1163 667 1199; x_wconf 86' lang='lat' dir='ltr'>LX</span> <span class='ocrx_word' id='word_1_84' title='bbox 697 1160 830 1212; x_wconf 64' lang='lat' dir='ltr'>(Lm)</span> 
     </span>
    </p>
   </div>
   <div class='ocr_carea' id='block_1_6' title="bbox 152 1238 1294 1487">
    <p class='ocr_par' dir='ltr' id='par_1_6' title="bbox 152 1238 1294 1354">
     <span class='ocr_line' id='line_1_16' title="bbox 152 1238 1294 1287; baseline 0.004 -12"><span class='ocrx_word' id='word_1_85' title='bbox 152 1238 319 1285; x_wconf 85' lang='lat' dir='ltr'>Laudat,</span> <span class='ocrx_word' id='word_1_86' title='bbox 350 1245 467 1285; x_wconf 89' lang='lat' dir='ltr'>amat,</span> <span class='ocrx_word' id='word_1_87' title='bbox 500 1246 633 1277; x_wconf 86' lang='lat' dir='ltr'>cantat</span> <span class='ocrx_word' id='word_1_88' title='bbox 662 1246 817 1278; x_wconf 87' lang='lat' dir='ltr'>nostros</span> <span class='ocrx_word' id='word_1_89' title='bbox 849 1252 937 1277; x_wconf 89' lang='lat' dir='ltr'>mea</span> <span class='ocrx_word' id='word_1_90' title='bbox 968 1241 1100 1278; x_wconf 85' lang='lat' dir='ltr'>Roma</span> <span class='ocrx_word' id='word_1_91' title='bbox 1128 1239 1294 1287; x_wconf 87' lang='lat' dir='ltr'>libellos,</span> 
     </span>
     <span class='ocr_line' id='line_1_17' title="bbox 205 1303 1258 1354; baseline 0.003 -13"><span class='ocrx_word' id='word_1_92' title='bbox 205 1317 349 1354; x_wconf 86' lang='lat' dir='ltr'>meque</span> <span class='ocrx_word' id='word_1_93' title='bbox 379 1303 488 1342; x_wconf 89' lang='lat' dir='ltr'>sinus</span> <span class='ocrx_word' id='word_1_94' title='bbox 518 1317 669 1351; x_wconf 80' lang='lat' dir='ltr'>omnes,</span> <span class='ocrx_word' id='word_1_95' title='bbox 703 1318 766 1343; x_wconf 87' lang='lat' dir='ltr'>me</span> <span class='ocrx_word' id='word_1_96' title='bbox 796 1318 937 1343; x_wconf 87' lang='lat' dir='ltr'>manus</span> <span class='ocrx_word' id='word_1_97' title='bbox 968 1304 1098 1343; x_wconf 90' lang='lat' dir='ltr'>omnis</span> <span class='ocrx_word' id='word_1_98' title='bbox 1127 1305 1258 1344; x_wconf 87' lang='lat' dir='ltr'>habet.</span> 
     </span>
    </p>

    <p class='ocr_par' dir='ltr' id='par_1_7' title="bbox 152 1369 1281 1487">
     <span class='ocr_line' id='line_1_18' title="bbox 152 1369 1254 1420; baseline 0.002 -13"><span class='ocrx_word' id='word_1_99' title='bbox 152 1370 257 1407; x_wconf 89' lang='lat' dir='ltr'>Ecce</span> <span class='ocrx_word' id='word_1_100' title='bbox 287 1370 401 1407; x_wconf 87' lang='lat' dir='ltr'>rubet</span> <span class='ocrx_word' id='word_1_101' title='bbox 431 1369 605 1419; x_wconf 83' lang='lat' dir='ltr'>quidam,</span> <span class='ocrx_word' id='word_1_102' title='bbox 638 1372 768 1420; x_wconf 82' lang='lat' dir='ltr'>pallet⁷</span> <span class='ocrx_word' id='word_1_103' title='bbox 801 1378 942 1420; x_wconf 88' lang='lat' dir='ltr'>stupet,</span> <span class='ocrx_word' id='word_1_104' title='bbox 975 1370 1126 1418; x_wconf 83' lang='lat' dir='ltr'>oscitat,</span> <span class='ocrx_word' id='word_1_105' title='bbox 1159 1370 1254 1409; x_wconf 91' lang='lat' dir='ltr'>odit.</span> 
     </span>
     <span class='ocr_line' id='line_1_19' title="bbox 204 1435 1281 1487; baseline 0.003 -15"><span class='ocrx_word' id='word_1_106' title='bbox 204 1435 282 1473; x_wconf 90' lang='lat' dir='ltr'>hoc</span> <span class='ocrx_word' id='word_1_107' title='bbox 311 1436 425 1474; x_wconf 89' lang='lat' dir='ltr'>volo:</span> <span class='ocrx_word' id='word_1_108' title='bbox 465 1449 572 1474; x_wconf 89' lang='lat' dir='ltr'>nunc</span> <span class='ocrx_word' id='word_1_109' title='bbox 602 1435 718 1474; x_wconf 87' lang='lat' dir='ltr'>nobis</span> <span class='ocrx_word' id='word_1_110' title='bbox 747 1435 922 1474; x_wconf 88' lang='lat' dir='ltr'>carmina</span> <span class='ocrx_word' id='word_1_111' title='bbox 951 1444 1085 1475; x_wconf 89' lang='lat' dir='ltr'>nostra</span> <span class='ocrx_word' id='word_1_112' title='bbox 1113 1437 1281 1487; x_wconf 83' lang='lat' dir='ltr'>placent.</span> 
     </span>
    </p>
   </div>
   <div class='ocr_carea' id='block_1_7' title="bbox 595 1540 830 1592">
    <p class='ocr_par' dir='ltr' id='par_1_8' title="bbox 595 1540 830 1592">
     <span class='ocr_line' id='line_1_20' title="bbox 595 1540 830 1592; baseline 0 -13"><span class='ocrx_word' id='word_1_113' title='bbox 595 1542 691 1579; x_wconf 87' lang='lat' dir='ltr'>LXI</span> <span class='ocrx_word' id='word_1_114' title='bbox 723 1540 830 1592; x_wconf 81' lang='lat' dir='ltr'>(LX)</span> 
     </span>
    </p>
   </div>
   <div class='ocr_carea' id='block_1_8' title="bbox 154 1617 1495 2352">
    <p class='ocr_par' dir='ltr' id='par_1_9' title="bbox 154 1617 1495 2352">
     <span class='ocr_line' id='line_1_21' title="bbox 154 1617 1289 1669; baseline 0.003 -15"><span class='ocrx_word' id='word_1_115' title='bbox 154 1619 257 1655; x_wconf 86' lang='lat' dir='ltr'>Rem</span> <span class='ocrx_word' id='word_1_116' title='bbox 286 1618 431 1655; x_wconf 87' lang='lat' dir='ltr'>factam</span> <span class='ocrx_word' id='word_1_117' title='bbox 462 1619 696 1668; x_wconf 84' lang='lat' dir='ltr'>Pompullus</span> <span class='ocrx_word' id='word_1_118' title='bbox 726 1618 856 1665; x_wconf 85' lang='lat' dir='ltr'>habet,</span> <span class='ocrx_word' id='word_1_119' title='bbox 890 1617 1101 1657; x_wconf 85' lang='lat' dir='ltr'>Faustine:</span> <span class='ocrx_word' id='word_1_120' title='bbox 1140 1619 1289 1669; x_wconf 84' lang='lat' dir='ltr'>legetur</span> 
     </span>
     <span class='ocr_line' id='line_1_22' title="bbox 207 1682 1074 1733; baseline 0 -12"><span class='ocrx_word' id='word_1_121' title='bbox 207 1690 245 1721; x_wconf 83' lang='lat' dir='ltr'>et</span> <span class='ocrx_word' id='word_1_122' title='bbox 274 1696 423 1721; x_wconf 90' lang='lat' dir='ltr'>nomen</span> <span class='ocrx_word' id='word_1_123' title='bbox 452 1690 537 1722; x_wconf 88' lang='lat' dir='ltr'>toto</span> <span class='ocrx_word' id='word_1_124' title='bbox 567 1691 722 1733; x_wconf 82' lang='lat' dir='ltr'>sparget</span> <span class='ocrx_word' id='word_1_125' title='bbox 751 1682 791 1721; x_wconf 87' lang='lat' dir='ltr'>in</span> <span class='ocrx_word' id='word_1_126' title='bbox 822 1684 917 1722; x_wconf 89' lang='lat' dir='ltr'>orbe</span> <span class='ocrx_word' id='word_1_127' title='bbox 947 1697 1074 1721; x_wconf 90' lang='lat' dir='ltr'>suum.</span> 
     </span>
     <span class='ocr_line' id='line_1_23' title="bbox 155 1748 1130 1799; baseline 0.001 -13"><span class='ocrx_word' id='word_1_128' title='bbox 155 1748 241 1786; x_wconf 85' lang='lat' dir='ltr'>‘Sic</span> <span class='ocrx_word' id='word_1_129' title='bbox 270 1749 356 1786; x_wconf 91' lang='lat' dir='ltr'>leve</span> <span class='ocrx_word' id='word_1_130' title='bbox 385 1750 576 1787; x_wconf 87' lang='lat' dir='ltr'>flavorum</span> <span class='ocrx_word' id='word_1_131' title='bbox 605 1750 733 1787; x_wconf 88' lang='lat' dir='ltr'>valeat</span> <span class='ocrx_word' id='word_1_132' title='bbox 761 1762 885 1799; x_wconf 84' lang='lat' dir='ltr'>genus</span> <span class='ocrx_word' id='word_1_133' title='bbox 915 1748 1130 1799; x_wconf 85' lang='lat' dir='ltr'>Vsiporum</span> 
     </span>
     <span class='ocr_line' id='line_1_24' title="bbox 208 1813 1222 1865; baseline 0.001 -14"><span class='ocrx_word' id='word_1_134' title='bbox 208 1813 385 1863; x_wconf 87' lang='lat' dir='ltr'>quisquis</span> <span class='ocrx_word' id='word_1_135' title='bbox 416 1821 453 1852; x_wconf 92' lang='lat' dir='ltr'>et</span> <span class='ocrx_word' id='word_1_136' title='bbox 483 1814 708 1852; x_wconf 85' lang='lat' dir='ltr'>Ausonium</span> <span class='ocrx_word' id='word_1_137' title='bbox 739 1827 821 1852; x_wconf 88' lang='lat' dir='ltr'>non</span> <span class='ocrx_word' id='word_1_138' title='bbox 850 1822 957 1852; x_wconf 88' lang='lat' dir='ltr'>amat</span> <span class='ocrx_word' id='word_1_139' title='bbox 986 1814 1222 1865; x_wconf 89' lang='lat' dir='ltr'>imperium.&#39;</span> 
     </span>
     <span class='ocr_line' id='line_1_25' title="bbox 155 1879 1492 1930; baseline 0.001 -14"><span class='ocrx_word' id='word_1_140' title='bbox 155 1879 368 1929; x_wconf 82' lang='lat' dir='ltr'>Ingeniosa</span> <span class='ocrx_word' id='word_1_141' title='bbox 396 1887 530 1917; x_wconf 89' lang='lat' dir='ltr'>tamen</span> <span class='ocrx_word' id='word_1_142' title='bbox 561 1879 761 1930; x_wconf 87' lang='lat' dir='ltr'>Pompulli</span> <span class='ocrx_word' id='word_1_143' title='bbox 790 1879 934 1930; x_wconf 87' lang='lat' dir='ltr'>scripta</span> <span class='ocrx_word' id='word_1_144' title='bbox 963 1881 1165 1918; x_wconf 84' lang='lat' dir='ltr'>feruntur:</span> <span class='ocrx_word' id='word_1_145' title='bbox 1474 1896 1492 1927; x_wconf 80' lang='lat'>5</span> 
     </span>
     <span class='ocr_line' id='line_1_26' title="bbox 211 1945 1222 1993; baseline 0.002 -11"><span class='ocrx_word' id='word_1_146' title='bbox 211 1945 311 1983; x_wconf 85' lang='lat' dir='ltr'>‘Sed</span> <span class='ocrx_word' id='word_1_147' title='bbox 342 1946 469 1983; x_wconf 89' lang='lat' dir='ltr'>famae</span> <span class='ocrx_word' id='word_1_148' title='bbox 499 1958 580 1983; x_wconf 89' lang='lat' dir='ltr'>non</span> <span class='ocrx_word' id='word_1_149' title='bbox 610 1952 668 1983; x_wconf 88' lang='lat' dir='ltr'>est</span> <span class='ocrx_word' id='word_1_150' title='bbox 698 1946 786 1992; x_wconf 83' lang='lat' dir='ltr'>hoc,</span> <span class='ocrx_word' id='word_1_151' title='bbox 819 1945 916 1983; x_wconf 88' lang='lat' dir='ltr'>mihi</span> <span class='ocrx_word' id='word_1_152' title='bbox 946 1947 1073 1993; x_wconf 86' lang='lat' dir='ltr'>crede,</span> <span class='ocrx_word' id='word_1_153' title='bbox 1105 1945 1222 1984; x_wconf 87' lang='lat' dir='ltr'>satis:</span> 
     </span>
     <span class='ocr_line' id='line_1_27' title="bbox 154 2010 1183 2061; baseline 0.001 -14"><span class='ocrx_word' id='word_1_154' title='bbox 154 2023 272 2059; x_wconf 80' lang='lat' dir='ltr'>quam</span> <span class='ocrx_word' id='word_1_155' title='bbox 304 2010 417 2048; x_wconf 84' lang='lat' dir='ltr'>multi</span> <span class='ocrx_word' id='word_1_156' title='bbox 445 2010 570 2049; x_wconf 89' lang='lat' dir='ltr'>tineas</span> <span class='ocrx_word' id='word_1_157' title='bbox 600 2018 769 2061; x_wconf 87' lang='lat' dir='ltr'>pascunt</span> <span class='ocrx_word' id='word_1_158' title='bbox 797 2011 1020 2061; x_wconf 84' lang='lat' dir='ltr'>blattasque</span> <span class='ocrx_word' id='word_1_159' title='bbox 1050 2010 1183 2049; x_wconf 90' lang='lat' dir='ltr'>diserti</span> 
     </span>
     <span class='ocr_line' id='line_1_28' title="bbox 208 2076 1070 2115; baseline 0.001 -2"><span class='ocrx_word' id='word_1_160' title='bbox 208 2083 246 2114; x_wconf 88' lang='lat' dir='ltr'>et</span> <span class='ocrx_word' id='word_1_161' title='bbox 276 2076 475 2114; x_wconf 89' lang='lat' dir='ltr'>redimunt</span> <span class='ocrx_word' id='word_1_162' title='bbox 505 2076 577 2114; x_wconf 88' lang='lat' dir='ltr'>soli</span> <span class='ocrx_word' id='word_1_163' title='bbox 607 2076 782 2115; x_wconf 85' lang='lat' dir='ltr'>carmina</span> <span class='ocrx_word' id='word_1_164' title='bbox 810 2078 929 2115; x_wconf 87' lang='lat' dir='ltr'>docta</span> <span class='ocrx_word' id='word_1_165' title='bbox 958 2076 1070 2115; x_wconf 87' lang='lat' dir='ltr'>coci!</span> 
     </span>
     <span class='ocr_line' id='line_1_29' title="bbox 183 2159 1495 2244; baseline 0 -34"><span class='ocrx_word' id='word_1_166' title='bbox 183 2180 312 2244; x_wconf 72' lang='lat' dir='ltr'>ALVIII</span> <span class='ocrx_word' id='word_1_167' title='bbox 339 2190 355 2219; x_wconf 90' lang='lat'>7</span> <span class='ocrx_word' id='word_1_168' title='bbox 380 2179 472 2219; x_wconf 87' lang='lat' dir='ltr'>polla</span> <span class='ocrx_word' id='word_1_169' title='bbox 490 2180 538 2210; x_wconf 72' lang='lat' dir='ltr'>CA</span> <span class='ocrx_word' id='word_1_170' title='bbox 558 2179 620 2221; x_wconf 63' lang='lat' dir='ltr'>(tle.</span> <span class='ocrx_word' id='word_1_171' title='bbox 642 2181 716 2220; x_wconf 80' lang='lat' dir='ltr'>pu-)</span> <span class='ocrx_word' id='word_1_172' title='bbox 839 2191 860 2219; x_wconf 93' lang='lat'><strong>9</strong></span> <span class='ocrx_word' id='word_1_173' title='bbox 884 2181 1012 2220; x_wconf 87' lang='lat' dir='ltr'>hospes</span> <span class='ocrx_word' id='word_1_174' title='bbox 1031 2180 1079 2211; x_wconf 76' lang='lat' dir='ltr'>CA</span> <span class='ocrx_word' id='word_1_175' title='bbox 1204 2159 1249 2210; x_wconf 62' lang='lat'>⁰10</span> <span class='ocrx_word' id='word_1_176' title='bbox 1273 2179 1495 2220; x_wconf 86' lang='lat' dir='ltr'>philippemia</span> 
     </span>
     <span class='ocr_line' id='line_1_30' title="bbox 156 2223 1019 2308; baseline 0.001 -11"><span class='ocrx_word' id='word_1_177' title='bbox 156 2223 183 2253; x_wconf 72' lang='lat' dir='ltr'>C</span> <span class='ocrx_word' id='word_1_178' title='bbox 198 2223 439 2307; x_wconf 36' lang='lat' dir='ltr'>LHZpgooRbEat</span> <span class='ocrx_word' id='word_1_179' title='bbox 457 2266 507 2298; x_wconf 76' lang='lat' dir='ltr'>CA</span> <span class='ocrx_word' id='word_1_180' title='bbox 595 2277 614 2306; x_wconf 88' lang='grc'>5</span> <span class='ocrx_word' id='word_1_181' title='bbox 639 2267 767 2308; x_wconf 85' lang='lat' dir='ltr'>fecere]</span> <span class='ocrx_word' id='word_1_182' title='bbox 787 2278 822 2298; x_wconf 87' lang='lat' dir='ltr'>re</span> <span class='ocrx_word' id='word_1_183' title='bbox 838 2267 954 2298; x_wconf 85' lang='lat' dir='ltr'>fecere</span> <span class='ocrx_word' id='word_1_184' title='bbox 973 2267 1019 2298; x_wconf 70' lang='lat' dir='ltr'>CA</span> 
     </span>
     <span class='ocr_line' id='line_1_31' title="bbox 199 2310 1494 2352; baseline 0 -11"><span class='ocrx_word' id='word_1_185' title='bbox 199 2311 261 2341; x_wconf 89' lang='lat' dir='ltr'>LX</span> <span class='ocrx_word' id='word_1_186' title='bbox 286 2312 357 2342; x_wconf 81' lang='lat' dir='ltr'>lmb.</span> <span class='ocrx_word' id='word_1_187' title='bbox 381 2311 440 2341; x_wconf 86' lang='lat' dir='ltr'>TR</span> <span class='ocrx_word' id='word_1_188' title='bbox 530 2321 549 2341; x_wconf 88' lang='lat'><strong>2</strong></span> <span class='ocrx_word' id='word_1_189' title='bbox 574 2321 600 2342; x_wconf 87' lang='lat' dir='ltr'>s.</span> <span class='ocrx_word' id='word_1_190' title='bbox 620 2311 730 2342; x_wconf 88' lang='lat' dir='ltr'>omnis</span> <span class='ocrx_word' id='word_1_191' title='bbox 746 2311 833 2342; x_wconf 86' lang='lat' dir='ltr'>codd.</span> <span class='ocrx_word' id='word_1_192' title='bbox 856 2312 921 2352; x_wconf 82' lang='lat' dir='ltr'>(-es</span> <span class='ocrx_word' id='word_1_193' title='bbox 938 2311 973 2341; x_wconf 91' lang='lat' dir='ltr'><em>X</em></span> <span class='ocrx_word' id='word_1_194' title='bbox 989 2314 1064 2342; x_wconf 82' lang='lat' dir='ltr'>ante</span> <span class='ocrx_word' id='word_1_195' title='bbox 1078 2312 1173 2352; x_wconf 83' lang='lat' dir='ltr'>corr.)</span> <span class='ocrx_word' id='word_1_196' title='bbox 1286 2322 1306 2350; x_wconf 92' lang='lat'>4</span> <span class='ocrx_word' id='word_1_197' title='bbox 1331 2311 1426 2342; x_wconf 82' lang='lat' dir='ltr'>uobis</span> <span class='ocrx_word' id='word_1_198' title='bbox 1438 2310 1494 2341; x_wconf 72' lang='lat' dir='ltr'>BA</span> 
     </span>
    </p>
   </div>
   <div class='ocr_carea' id='block_1_9' title="bbox 155 2354 1490 2440">
    <p class='ocr_par' dir='ltr' id='par_1_10' title="bbox 155 2354 1490 2440">
     <span class='ocr_line' id='line_1_32' title="bbox 200 2354 1490 2395; baseline 0.002 -11"><span class='ocrx_word' id='word_1_199' title='bbox 200 2354 279 2385; x_wconf 90' lang='lat' dir='ltr'>LXI</span> <span class='ocrx_word' id='word_1_200' title='bbox 304 2355 376 2386; x_wconf 75' lang='lat' dir='ltr'>hab.</span> <span class='ocrx_word' id='word_1_201' title='bbox 407 2355 437 2386; x_wconf 95' lang='lat' dir='ltr'><em>T</em></span> <span class='ocrx_word' id='word_1_202' title='bbox 500 2366 519 2385; x_wconf 87' lang='lat'><strong>2</strong></span> <span class='ocrx_word' id='word_1_203' title='bbox 543 2355 674 2394; x_wconf 84' lang='lat' dir='ltr'>spargit</span> <span class='ocrx_word' id='word_1_204' title='bbox 690 2355 749 2384; x_wconf 74' lang='grc' dir='ltr'>ΛΑ</span> <span class='ocrx_word' id='word_1_205' title='bbox 769 2356 846 2386; x_wconf 75' lang='lat' dir='ltr'>BA:</span> <span class='ocrx_word' id='word_1_206' title='bbox 871 2360 1009 2395; x_wconf 83' lang='lat' dir='ltr'>sparget</span> <span class='ocrx_word' id='word_1_207' title='bbox 1028 2354 1077 2385; x_wconf 79' lang='lat' dir='ltr'>CA</span> <span class='ocrx_word' id='word_1_208' title='bbox 1188 2364 1208 2393; x_wconf 87' lang='grc'>3</span> <span class='ocrx_word' id='word_1_209' title='bbox 1232 2355 1420 2395; x_wconf 88' lang='lat' dir='ltr'>uisiporum</span> <span class='ocrx_word' id='word_1_210' title='bbox 1438 2355 1490 2387; x_wconf 84' lang='lat' dir='ltr'>T:</span> 
     </span>
     <span class='ocr_line' id='line_1_33' title="bbox 155 2397 1404 2440; baseline 0.001 -12"><span class='ocrx_word' id='word_1_211' title='bbox 155 2398 340 2437; x_wconf 87' lang='lat' dir='ltr'>usipiorum</span> <span class='ocrx_word' id='word_1_212' title='bbox 354 2398 404 2429; x_wconf 78' lang='lat' dir='ltr'>CA</span> <span class='ocrx_word' id='word_1_213' title='bbox 519 2410 538 2437; x_wconf 89' lang='lat'><strong>4</strong></span> <span class='ocrx_word' id='word_1_214' title='bbox 555 2408 719 2429; x_wconf 84' lang='lat' dir='ltr'>ausonum</span> <span class='ocrx_word' id='word_1_215' title='bbox 733 2398 783 2429; x_wconf 76' lang='lat' dir='ltr'>CA</span> <span class='ocrx_word' id='word_1_216' title='bbox 795 2400 876 2440; x_wconf 73' lang='lat' dir='ltr'>(non</span> <span class='ocrx_word' id='word_1_217' title='bbox 888 2399 938 2440; x_wconf 83' lang='lat' dir='ltr'>A)</span> <span class='ocrx_word' id='word_1_218' title='bbox 1013 2409 1030 2438; x_wconf 93' lang='lat'><strong>7</strong></span> <span class='ocrx_word' id='word_1_219' title='bbox 1049 2398 1177 2429; x_wconf 82' lang='lat' dir='ltr'>deserti</span> <span class='ocrx_word' id='word_1_220' title='bbox 1193 2397 1249 2429; x_wconf 74' lang='grc' dir='ltr'>ΒΑ</span> <span class='ocrx_word' id='word_1_221' title='bbox 1261 2400 1349 2439; x_wconf 82' lang='lat' dir='ltr'>(cum</span> <span class='ocrx_word' id='word_1_222' title='bbox 1360 2399 1404 2439; x_wconf 82' lang='lat' dir='ltr'>E)</span> 
     </span>
    </p>
   </div>
  </div>
 </body>
</html>
