1648 2729
195 112 251 147 M.
283 112 406 148 VAL.
442 112 756 150 MARTIALIS

192 236 298 262 nunc
327 224 409 271 has,
441 237 548 262 nunc
576 223 661 263 illas
690 224 814 263 reficit
843 232 1048 276 mutatque
1076 227 1288 265 fenestras:

245 289 342 326 dum
371 297 525 327 tantum
554 289 748 337 aedificet,
780 289 974 340 quidlibet
1003 290 1068 329 ille
1097 291 1199 338 facit,

190 353 317 392 oranti
346 368 531 393 nummos
560 363 604 393 ut
633 355 763 394 dicere
792 355 916 406 possit
943 355 1072 394 amico
1507 375 1524 406 5

245 432 369 457 unum
399 418 496 458 illud
525 421 688 459 verbum
721 420 871 459 Gellius
903 420 1135 460 ‘Aedifico'

656 510 839 547 XLVIII

193 574 397 612 Heredem
427 587 518 612 cum
548 587 612 612 me
641 573 760 624 partis
790 573 871 621 tibi,
905 574 1074 622 Garrice,
1107 582 1269 625 quartae

244 652 313 689 per
342 647 409 677 tua
438 639 582 677 iurares
612 653 721 678 sacra
750 647 948 690 caputque
977 648 1100 687 tuum,

190 704 575 754 credidimus—quis
606 704 711 743 enim
742 706 904 743 damnet
933 719 1004 743 sua
1031 713 1123 744 vota
1151 705 1318 744 libenter
1333 708 1404 744 ?-—

243 778 282 809 et
310 783 422 820 spem
451 770 680 809 muneribus
708 770 879 808 fovimus
907 784 1033 820 usque
1062 770 1190 819 datis;

190 835 290 874 inter
319 849 421 886 quae
449 835 523 873 rari
553 837 791 874 Laurentem
821 835 1008 886 ponderis
1041 849 1180 887 aprum
1506 854 1523 885 5

244 900 445 939 misimus:
483 903 626 939 Aetola
655 902 705 940 de
735 902 940 951 Calydone
968 909 1094 952 putes.

189 974 228 1004 at
257 975 299 1005 tu
329 966 519 1005 continuo
548 968 822 1017 populumque
852 975 1061 1017 patresque
1089 966 1239 1006 vocasti
1253 982 1264 1016 3

242 1040 368 1070 ructat
396 1033 528 1071 adhuc
556 1046 694 1082 aprum
724 1032 866 1070 callida
895 1034 1028 1071 Roma
1055 1046 1214 1071 meum:

188 1097 271 1147 ipse
301 1097 517 1148 ego—quis
547 1099 680 1136 credat
694 1097 933 1136 ?-—conviva
960 1111 1035 1136 nec
1063 1097 1224 1137 ultimus
1253 1098 1373 1146 haesi,

242 1164 313 1201 sed
342 1176 416 1201 nec
445 1170 555 1201 costa
584 1164 675 1201 data
704 1171 762 1201 est
791 1164 967 1201 caudave
996 1163 1115 1201 missa
1143 1162 1250 1201 mihi.
1485 1180 1525 1202 10

191 1229 252 1266 De
282 1229 500 1278 quadrante
530 1236 598 1266 tuo
628 1227 724 1278 quid
753 1241 918 1278 sperem,
952 1228 1139 1267 Garrice?
1195 1230 1316 1267 Nulla

242 1294 292 1331 de
322 1301 456 1331 nostro
486 1292 600 1331 nobis
630 1293 747 1331 uncia
775 1293 882 1331 venit
910 1306 1016 1343 apro.

671 1383 809 1419 XLIX

190 1448 303 1485 Haec
333 1455 391 1485 est
420 1446 486 1485 illa
515 1446 611 1485 meis
642 1448 811 1485 multum
840 1454 997 1485 cantata
1025 1446 1177 1493 libellis,

241 1526 360 1562 quam
390 1526 501 1550 meus
531 1511 693 1550 edidicit
722 1513 844 1550 lector
872 1520 1058 1562 amatque
1087 1520 1230 1562 togam.

189 1577 452 1616 Partheniana
480 1577 564 1629 fuit·
582 1579 796 1627 quondam,
830 1576 1087 1616 memorabile
1115 1576 1214 1615 vatis

240 1656 411 1681 munus:
450 1642 489 1680 in
518 1643 593 1681 hac
622 1642 728 1681 ibam
759 1642 1065 1692 conspiciendus
1096 1655 1229 1692 eques,

186 1706 283 1743 dum
312 1719 425 1752 nova,
458 1706 554 1743 dum
584 1704 709 1743 nitida
737 1705 912 1755 fulgebat
940 1704 1150 1755 splendida
1178 1706 1278 1751 lana,
1500 1721 1517 1752 5

238 1772 416 1820 dumque
445 1778 526 1808 erat
554 1770 724 1808 auctoris
753 1770 915 1808 nomine
944 1770 1064 1820 digna
1092 1769 1178 1808 sui:

185 1849 291 1874 nunc
319 1849 419 1874 anus
449 1844 487 1874 et
516 1837 683 1874 tremulo
713 1835 775 1873 vix
803 1835 1035 1885 accipienda
1064 1834 1207 1882 tribuli,

236 1915 355 1951 quam
385 1900 511 1951 possis
540 1900 696 1939 niveam
725 1900 856 1939 dicere
885 1900 967 1939 iure
995 1908 1076 1939 tuo.

184 1966 293 2015 Quid
323 1979 404 2004 non
433 1967 551 2016 longa
579 1966 674 2013 dies,
707 1965 803 2016 quid
833 1980 913 2004 non
943 1965 1174 2004 consumitis
1203 1964 1326 2003 anni?

237 2032 335 2069 haec
364 2038 455 2081 toga
483 2031 561 2069 iam
591 2045 672 2069 non
702 2039 760 2069 est
790 2031 1063 2078 Partheniana,
1095 2044 1184 2069 mea
1212 2038 1280 2069 est.
1479 2046 1517 2068 10

227 2135 337 2166 XLVI
363 2145 383 2174 3
407 2146 496 2166 nunc
513 2135 522 2165 i
550 2134 686 2166 AACA:
710 2140 767 2166 aut
786 2135 806 2166 i.
825 2134 882 2165 ΒΑ
971 2139 1145 2174 mutatque
1160 2134 1242 2166 AA:
1267 2139 1419 2166 mutatue
1435 2134 1492 2165 BA
1508 2146 1515 2165 :

182 2190 248 2219 que
267 2180 346 2214 (om.
369 2180 488 2217 mutat)
510 2178 559 2209 CA
701 2190 720 2217 4
744 2179 918 2218 quodlibet
935 2183 972 2209 ut
984 2179 1047 2210 vid.
1068 2178 1102 2208 R

228 2223 374 2253 XLVIII
399 2223 474 2254 hab.
492 2222 522 2252 T
582 2233 607 2260 Ι,
629 2232 663 2252 11
682 2223 800 2262 gallice
814 2222 862 2253 CA
882 2222 997 2258 (sedin
1014 2223 1123 2253 lemm.
1144 2231 1188 2252 DE
1205 2221 1376 2261 GARmco)
1495 2232 1516 2262 3

182 2267 257 2307 quis
274 2267 364 2297 enim
382 2267 519 2296 damnet
535 2266 648 2296 AACA
664 2277 670 2295 :
696 2267 833 2297 damnet
847 2267 922 2305 quis
936 2266 1026 2297 enim
1038 2266 1093 2296 BA
1213 2276 1232 2305 5
1256 2266 1391 2297 interim
1408 2275 1439 2305 q.
1458 2265 1516 2296 ΒΑ

181 2312 202 2340 6
228 2315 323 2349 putas
348 2309 396 2340 CA
529 2311 549 2340 8
571 2309 696 2348 pallida
721 2310 839 2340 Dousa
969 2321 990 2349 9
1013 2310 1123 2340 haesit
1144 2309 1174 2339 T

228 2353 344 2384 XLIX
368 2364 387 2383 2
411 2364 443 2391 q.
463 2363 506 2384 m.
527 2354 642 2384 didicit
657 2353 711 2383 ΒΑ
732 2353 835 2395 (unde
850 2363 1018 2393 quamque
1035 2363 1077 2385 m.
1097 2354 1127 2386 d.
1140 2352 1216 2393 ΡΩ)
1314 2364 1334 2392 4
1357 2352 1513 2384 achinam

184 2397 230 2428 CA
248 2400 324 2437 (pro
339 2398 402 2427 hac
418 2397 519 2437 ibam)
