1648 2729
192 146 248 182 M.
281 145 404 182 VAL.
438 144 751 182 MARTIALIS

191 265 230 295 et
258 256 426 307 gemitus
456 256 537 295 imo
567 256 676 295 ducit
705 257 756 294 de
784 263 945 306 pectore
974 257 1083 306 quod
1113 269 1194 294 non

245 329 327 360 tota
356 321 473 360 miser
502 324 657 360 co'emat
687 323 830 371 Saepta
858 323 1034 371 feratque
1063 322 1240 359 domum.

191 388 324 436 Quam
354 386 467 425 multi
496 386 644 425 faciunt
671 388 779 437 quod
810 388 909 425 Eros
940 388 1009 424 sed
1039 385 1189 424 lumine
1217 385 1347 423 sicco!
1507 398 1524 430 5

244 466 332 503 pars
362 452 486 491 maior
513 451 692 490 lacrimas
720 451 820 490 ridet
849 459 888 490 et
916 451 1021 489 intus
1049 451 1180 489 habet.

649 541 848 577 LXXXII

191 610 230 649 Si
260 610 357 660 quid
385 617 519 648 nostra
547 609 624 648 tuis
652 609 772 648 adicit
800 609 954 648 vexatio
982 610 1111 656 rebus,

244 689 361 714 mane
390 677 451 714 vel
480 689 503 714 a
532 675 663 713 media
691 683 809 713 nocte
838 682 992 724 togatus
1022 688 1089 713 ero

191 741 480 790 stridentesque
508 742 630 779 feram
660 741 774 778 flatus
803 739 999 789 aquilonis
1029 738 1153 789 iniqui

245 814 284 845 et
312 806 436 856 patiar
464 805 623 844 nimbos
653 805 925 855 excipiamque
954 805 1074 843 nives.

192 873 270 911 Sed
301 872 332 910 si
362 885 442 910 non
472 873 543 910 fias
573 872 792 921 quadrante
821 870 973 909 beatior
1000 884 1082 908 uno
1509 885 1526 916 5

245 951 313 987 per
340 937 509 988 gemitus
538 945 694 976 nostros
723 937 993 987 ingenuasque
1022 948 1168 981 cruces,

191 1017 321 1053 parce,
349 1016 500 1053 precor,
528 1004 633 1041 fesso
662 1016 864 1052 vanosque
893 1001 1048 1040 remitte
1076 1001 1230 1039 labores

245 1068 312 1118 qui
342 1068 413 1106 tibi
443 1082 524 1107 non
554 1074 718 1118 prosunt
748 1075 786 1105 et
815 1066 924 1114 mihi,
956 1067 1079 1113 Galle,
1113 1074 1270 1104 nocent.

657 1155 881 1193 LXXXIII

301 1222 427 1259 Raros
456 1219 606 1271 colligis
636 1219 729 1257 hinc
759 1226 797 1258 et
827 1218 919 1257 hinc
949 1218 1111 1268 capillos

299 1294 337 1324 et
366 1288 488 1324 latum
519 1285 677 1332 nitidae,
711 1284 876 1332 Marine‚
908 1285 1042 1322 calvae

299 1365 485 1402 campum
515 1350 759 1401 temporibus
789 1349 885 1400 tegis
915 1348 1080 1388 comatis
1096 1363 1105 1395 ;

299 1418 370 1455 sed
400 1416 497 1454 moti
526 1418 693 1454 redeunt
722 1415 883 1454 iubente
912 1422 1031 1454 vento

301 1483 599 1532 reddunturque
629 1481 703 1520 sibi
732 1488 931 1531 caputque
961 1480 1114 1517 nudum
1511 1492 1529 1523 5

300 1547 406 1585 cirris
435 1547 650 1598 grandibus
679 1546 772 1584 hinc
801 1554 840 1585 et
869 1545 962 1584 inde
991 1544 1177 1595 cingunt:

302 1613 401 1651 inter
431 1613 764 1663 Spendophorum
795 1612 1164 1662 Telesphorumque

302 1679 438 1728 Cydae
468 1686 569 1716 stare
598 1677 755 1728 putabis
787 1679 1076 1715 Hermerotem.

302 1743 372 1781 Vis
402 1751 443 1781 tu
473 1742 689 1794 simplicius
718 1756 853 1781 senem
884 1740 1005 1787 fateri,

302 1816 344 1846 ut
373 1810 535 1847 tandem
560 1807 727 1846 videaris
756 1821 857 1845 unus
887 1808 1002 1845 esse?
1495 1818 1532 1840 io

303 1875 414 1912 calvo
443 1873 594 1924 turpius
624 1881 682 1912 est
711 1872 808 1910 nihil
837 1879 1006 1910 comato.

664 1961 855 1998 LXXXV

198 2034 283 2070 Iam
313 2031 444 2070 senior
474 2032 614 2069 Ladon
644 2030 856 2069 Tiberinae
886 2036 1006 2067 nauta
1034 2028 1189 2067 carinae

251 2096 428 2147 proxima
457 2096 610 2135 dilectis
640 2109 728 2134 rura
756 2094 905 2146 paravit
933 2092 1056 2144 aquis.

243 2201 375 2231 LXXX
400 2210 419 2238 3
444 2200 525 2240 quid
552 2199 600 2230 CA
752 2209 771 2237 4
796 2199 993 2229 misecemat
1015 2197 1063 2228 T:
1087 2196 1191 2226 miser
1218 2194 1312 2234 (Jer')
1339 2204 1457 2225 coema
1481 2193 1532 2225 CA

198 2254 228 2283 5,
249 2247 269 2274 6
284 2245 334 2274 vel
348 2244 393 2274 sic
406 2243 579 2284 distingue,
595 2242 682 2273 Eros
698 2245 703 2274 !
728 2243 787 2273 sed
806 2242 826 2274 1.
845 2242 885 2272 si.
905 2251 984 2281 pars
1215 2238 1384 2269 LXXXII
1407 2238 1484 2269 hab.
1507 2236 1538 2268 T

199 2299 217 2317 2
242 2298 324 2318 eroo
347 2288 464 2317 Tante
477 2298 558 2318 corr.
581 2288 660 2326 (pro
676 2297 716 2316 eo
733 2296 810 2317 corr.
828 2296 886 2316 ero
900 2288 926 2327 1²)
1056 2292 1075 2322 5
1099 2282 1129 2313 si
1145 2293 1212 2314 om.
1235 2282 1265 2312 T
1400 2292 1418 2321 7
1441 2281 1532 2312 fesso

199 2331 318 2361 ΑΑΒΑ
335 2343 342 2362 z
366 2332 474 2361 lassos
493 2330 542 2361 CA
560 2330 644 2370 (pro
659 2330 762 2367 lasso)
1011 2326 1198 2358 LXXXIII
1222 2335 1242 2364 3
1267 2325 1354 2365 tegit
1373 2324 1422 2355 CA
1511 2336 1530 2363 4

200 2375 339 2405 iuuente
357 2374 406 2405 CA
424 2374 457 2412 ti.
473 2385 496 2405 e.
518 2374 603 2409 iub-)
623 2373 726 2414 (unde
741 2373 882 2403 iuuante
901 2371 939 2411 C)
1051 2382 1072 2410 9
1096 2375 1130 2401 te
1146 2370 1175 2401 L
1369 2367 1532 2399 LXXXV

199 2417 273 2449 lmh.
290 2418 319 2449 T
406 2429 425 2449 2
443 2418 555 2449 dilecti
575 2417 625 2448 CA
