1648 2729
783 179 1253 219 EPIGRAMMATON
1286 180 1390 217 LIB.
1423 181 1458 217 X

232 289 307 328 diri
335 289 500 340 prandia
529 302 602 328 nec
630 290 746 328 refert
774 290 973 339 Thyestae
988 304 998 337 ;

233 356 414 405 Scyllam,
447 355 616 405 Byblida
645 368 719 394 nec
748 355 867 394 fuisse
897 355 1044 394 credit:

232 421 303 459 sed
331 427 460 459 castos
490 421 608 459 docet
637 428 676 459 et
704 421 851 471 probos
879 434 1044 467 amoreS‚

232 486 350 532 lusus,
384 484 546 524 delicias
575 485 827 536 facetiasque.

231 550 343 589 cuius
374 550 548 589 carmina
576 550 644 600 qui
675 551 776 590 bene
805 551 1029 598 aestimarit,
1424 568 1460 589 10

232 617 380 654 nullam
410 615 549 655 dixerit
578 630 663 655 esse
692 616 935 667 nequiorem,

231 683 380 719 nullam
410 681 550 720 dixerit
579 695 664 720 esse
693 682 941 721 sanctiorem.

232 748 350 786 Tales
381 747 546 797 Egeriae
575 747 684 786 iocos
714 747 834 786 fuisse

231 813 313 850 udo
343 812 578 851 crediderim
609 814 766 852 Numae
796 813 870 851 sub
899 821 1023 851 antro.

233 878 324 916 Hac
354 877 627 928 condiscipula
655 880 716 917 vel
746 879 820 917 hac
850 877 1033 928 magistra
1425 893 1460 924 ¹5

231 955 337 981 esses
366 942 521 981 doctior
549 951 588 981 et
616 943 773 993 pudica,
805 944 991 993 Sappho:

230 1009 301 1047 sed
331 1015 463 1046 tecum
492 1008 635 1058 pariter
663 1008 860 1058 simulque
889 1008 1013 1046 visam

230 1074 352 1112 durus
381 1073 596 1124 Sulpiciam
627 1075 766 1112 Phaon
795 1081 956 1112 amaret.

230 1139 392 1177 frustra:
431 1152 604 1189 namque
633 1153 679 1178 ea
708 1153 783 1178 nec
812 1138 1007 1177 Tonantis
1036 1152 1132 1177 uxor

230 1217 305 1242 nec
335 1204 483 1243 Bacchi
511 1218 586 1243 nec
615 1204 812 1255 Apollinis
841 1206 973 1255 puella
1421 1220 1461 1242 20

230 1277 366 1321 erepto
396 1269 471 1308 sibi
499 1270 645 1309 viveret
675 1271 838 1310 Caleno.

589 1434 768 1470 XXXVI

122 1519 298 1570 Inproba
329 1519 529 1558 Massiliae
559 1519 755 1570 quidquid
786 1519 951 1557 fumaria
979 1527 1137 1569 cogunt,

174 1584 318 1636 accipit
346 1592 517 1624 aetatem
547 1585 726 1635 quisquis
755 1585 806 1623 ab
836 1584 926 1635 igne
956 1586 1089 1633 cadus,

121 1664 143 1689 a
171 1659 221 1698 te,
255 1652 420 1697 Munna,
452 1650 582 1690 venit:
621 1650 772 1689 miseris
802 1658 843 1688 tu
874 1649 995 1688 mittis
1024 1650 1160 1689 amicis

173 1728 244 1765 per
270 1716 378 1763 freta,
409 1729 479 1765 per
506 1717 642 1766 longas
672 1715 802 1754 toxica
829 1729 945 1754 saeva
974 1715 1054 1754 vias
1069 1730 1079 1763 5

121 1793 195 1819 nec
223 1780 327 1819 facili
355 1780 481 1831 pretio
511 1782 581 1819 sed
611 1795 691 1831 quo
721 1789 908 1819 contenta
938 1780 1093 1819 Falerni
1442 1799 1458 1830 5

174 1853 274 1885 testa
303 1845 352 1884 sit
380 1853 447 1884 aut
476 1846 583 1885 cellis
613 1846 719 1885 Setia
747 1860 836 1885 cara
865 1845 955 1885 suis.

121 1912 215 1950 Non
244 1910 379 1950 venias
408 1901 528 1961 quare
557 1919 638 1949 tam
667 1913 787 1961 longo
816 1918 995 1961 tempore
1027 1913 1199 1949 Romam

174 1977 272 2015 haec
301 1983 400 2027 puto
429 1990 548 2015 causa
575 1975 647 2014 tibi
677 1984 745 2023 est,
777 1990 828 2014 ne
858 1983 925 2014 tua
953 1975 1044 2014 vina
1073 1976 1196 2015 bibas.

164 2080 302 2111 XXXV
316 2082 338 2111 6
353 2059 479 2112 thistee
493 2079 540 2110 CA
553 2083 590 2110 ul
598 2079 664 2111 vid.
754 2081 774 2110 8
793 2080 932 2111 doceret
944 2079 993 2110 CA
1060 2079 1135 2119 pios
1145 2090 1279 2111 amores
1289 2079 1362 2111 BA:
1378 2091 1455 2121 pro-

119 2124 182 2155 bos
197 2124 324 2155 amicos
346 2124 394 2155 CA
487 2134 527 2154 10
551 2124 745 2154 aestimauit
761 2134 840 2156 corr.
863 2124 920 2155 -rit
938 2127 976 2154 ut
990 2123 1052 2153 vid.
1070 2123 1126 2154 ΒΑ
1144 2124 1260 2163 (merit
1278 2124 1324 2160 L)
1418 2134 1457 2155 12

115 2171 191 2208 post
209 2178 245 2198 11
266 2168 316 2199 CA
450 2177 489 2206 13
514 2168 675 2207 egregiae
693 2167 743 2198 CA
913 2177 951 2206 14
977 2168 1123 2208 Numae]
1140 2168 1231 2198 nudo
1248 2168 1291 2198 de
1310 2167 1359 2198 CA
1377 2169 1458 2208 (pro

119 2217 166 2243 nti
183 2213 261 2251 δεῖ)
408 2221 446 2250 15
472 2211 549 2242 Hae
567 2211 616 2242 CA
761 2212 800 2242 16
825 2221 921 2242 esses
936 2211 1011 2242 Ital.
1030 2223 1037 2243 z
1061 2221 1136 2242 esse
1157 2210 1308 2251 (Lfante
1323 2223 1399 2243 corr.
1420 2216 1458 2242 ut

119 2255 203 2296 vid.)
228 2256 278 2286 vel
298 2260 389 2286 esset
415 2254 603 2296 (PQ)‘BA:
635 2260 727 2286 esset
750 2255 800 2286 CA
984 2257 1022 2285 18
1045 2260 1174 2286 amaret
1189 2255 1246 2285 ΒΑ
1265 2255 1319 2294 (-it
1334 2254 1364 2285 L
1381 2259 1457 2286 ante

119 2299 215 2338 corr.)
232 2309 240 2329 t
264 2304 393 2330 amarat
411 2298 457 2329 CA
572 2310 614 2330 20
630 2299 764 2329 bacchis
782 2298 831 2329 CA
891 2299 1025 2338 puellae
1042 2298 1098 2328 ΒΑ
1201 2309 1240 2329 21
1261 2299 1395 2329 uideret
1406 2299 1456 2330 CA

163 2342 315 2373 XXXVI
342 2353 392 2374 vv.
419 2343 482 2381 7-8
503 2343 576 2374 hab.
608 2343 668 2373 TR
772 2353 784 2372 1
810 2343 984 2382 quodquid
1012 2342 1061 2373 CA
1208 2353 1228 2381 4
1250 2352 1354 2373 saeua
1378 2343 1456 2373 BA:

120 2387 199 2417 uina
218 2386 267 2417 CA
385 2396 465 2417 suas
480 2386 529 2417 CA
546 2391 618 2426 ipro
632 2386 716 2427 iuas,
735 2386 753 2417 i.
767 2396 790 2418 e.
810 2386 884 2416 uias
897 2387 923 2426 2)
1081 2387 1102 2416 6
1124 2386 1190 2417 sint
1209 2386 1349 2417 aucellis
1365 2392 1455 2418 tecta

119 2440 147 2462 c.
165 2440 191 2461 s.
211 2430 260 2461 CA
392 2431 412 2461 8
435 2430 511 2471 tibi]
529 2434 586 2460 tua
604 2430 653 2461 CA
