1648 2729
752 186 1222 226 EPIGRAMMATON
1253 188 1357 225 LIB.
1391 189 1427 225 X

605 300 689 338 XII

90 386 282 426 Aemiliae
311 394 448 437 gentes
477 394 516 426 et
544 386 776 437 Apollineas
805 388 1005 426 Vercellas

142 460 181 491 et
211 451 475 491 Phaethontei
504 451 572 502 qui
600 452 700 502 petis
730 465 821 490 arva
850 452 959 500 Padi,

88 531 138 556 ne
167 517 307 565 vivam,
339 517 414 556 nisi
443 525 492 564 te,
526 517 690 565 Domiti,
722 517 880 556 dimitto
910 517 1089 566 libenter,

141 590 249 633 grata
277 582 369 621 licet
397 582 483 621 sine
511 590 550 622 te
580 582 628 621 sit
657 582 755 620 mihi
784 584 891 621 nulla
921 582 1031 622 dies:

87 648 157 686 sed
187 647 428 686 desiderium
458 646 557 686 tanti
586 655 644 686 est
674 655 717 686 ut
746 661 874 687 messe
903 649 964 687 vel
994 662 1073 687 una
1406 665 1424 697 5

140 712 294 751 urbano
324 714 472 751 releves
502 714 603 752 colla
632 721 790 764 perusta
819 713 921 763 iugo.

85 777 94 816 i
126 791 265 828 precor
293 785 331 817 et
362 785 467 817 totos
497 777 613 817 avida
642 786 732 817 cute
761 778 935 818 conbibe
965 780 1123 818 soles—

139 857 163 882 o
192 857 311 894 quam
342 844 578 891 formonsus,
610 845 707 882 dum
736 844 963 895 peregrinus
993 844 1090 883 eris!

85 916 122 947 et
151 908 285 948 venies
314 909 414 948 albis
443 922 526 948 non
554 910 860 960 adgnoscendus
889 909 1027 948 amicis

138 973 354 1024 livebitque
383 973 459 1013 tuis
489 974 636 1024 pallida
664 975 780 1013 turba
807 974 928 1024 genis.
1384 992 1423 1015 ιο

84 1040 154 1078 sed
183 1039 246 1078 via
275 1053 394 1089 quem
425 1039 579 1078 dederit
609 1039 732 1090 rapiet
762 1039 841 1078 cito
873 1041 1004 1078 Roma
1033 1042 1219 1087 colorem,

139 1105 297 1145 Niliaco
327 1106 465 1144 redeas
495 1113 537 1144 tu
567 1105 658 1144 licet
688 1119 754 1144 ore
785 1105 905 1156 niger.

515 1241 622 1278 XIII
653 1238 765 1290 (XX)

85 1332 206 1371 Ducit
234 1333 286 1371 ad
315 1332 501 1371 auriferas
532 1333 641 1382 quod
671 1345 735 1370 me
765 1333 857 1370 Salo
887 1331 1063 1371 Celtiber
1092 1345 1189 1380 oras,

136 1399 311 1448 pendula
339 1399 450 1448 quod
478 1397 627 1448 patriae
655 1397 780 1436 visere
809 1405 912 1436 tecta
942 1397 1049 1444 libet,

81 1472 123 1502 tu
153 1463 250 1502 mihi
280 1463 537 1514 simplicibus,
572 1463 695 1510 Mani,
728 1463 896 1502 dilectus
926 1463 976 1502 ab
1007 1463 1121 1501 annis

135 1539 173 1569 et
203 1537 444 1581 praetextata
474 1531 602 1568 cultus
632 1529 815 1576 amicitia,

80 1603 122 1634 tu
152 1595 272 1644 facis3
311 1595 351 1633 in
381 1595 491 1634 terris
521 1608 602 1645 quo
632 1609 714 1634 non
743 1603 802 1634 est
831 1597 928 1633 alter
964 1595 1126 1634 Hiberis
1403 1610 1420 1642 5

135 1662 288 1701 dulcior
317 1669 355 1701 et
384 1675 477 1700 vero
506 1661 649 1711 dignus
679 1675 814 1700 amore
849 1661 983 1711 magis.

79 1735 211 1766 tecum
241 1741 315 1778 ego
344 1729 405 1766 vel
435 1727 529 1766 sicci
560 1728 729 1766 Gaetula
758 1728 928 1778 mapalia
959 1727 1083 1765 Poeni

134 1801 173 1832 et
201 1800 380 1844 poteram
410 1792 613 1843 Scythicas
642 1794 788 1843 hospes
817 1806 950 1831 amare
980 1806 1100 1831 casas.

80 1859 119 1898 Si
149 1858 222 1898 tibi
251 1872 364 1898 mens
393 1860 546 1906 eadem,
579 1858 609 1897 si
640 1858 764 1897 nostri
793 1866 932 1897 mutua
960 1872 1054 1897 cura
1083 1866 1152 1905 est,

133 1924 173 1963 in
203 1937 460 1974 quocumque
489 1925 579 1963 loco
611 1925 743 1962 Roma
772 1924 931 1963 duobus
961 1923 1043 1962 erit.
1381 1941 1420 1964 10

123 2028 191 2058 XII
220 2038 239 2067 3
266 2037 329 2058 nec
345 2027 423 2058 BA:
448 2038 490 2057 ne
511 2027 560 2058 CA
664 2027 809 2058 admitto
828 2027 877 2058 CA
1020 2036 1039 2065 5
1063 2026 1116 2068 ut]
1135 2027 1167 2058 ui
1187 2026 1357 2069 CA<1pro
1373 2027 1420 2067 T)

15 2073 18 2076 ’
79 2072 100 2101 6
124 2072 252 2103 urbane
271 2071 320 2103 CA
425 2081 442 2110 7
467 2072 547 2102 totis
562 2071 682 2101 auidae
702 2071 750 2102 CA
863 2071 1007 2102 conuiue
1026 2070 1073 2102 CA
1092 2071 1125 2111 (ι’.
1141 2082 1165 2102 e.
1184 2071 1290 2110 -bibe)
1398 2073 1419 2102 8

80 2126 99 2145 0
111 2126 177 2147 om.
196 2116 243 2146 CA
326 2126 347 2154 9
371 2116 487 2146 ueniet
500 2115 548 2146 CA
609 2115 868 2154 cognoscendus
884 2115 939 2145 ΒΑ
954 2115 1158 2155 (coproa?):
1177 2115 1418 2147 adnoscendus

82 2159 129 2190 CA
220 2169 260 2190 10
283 2158 467 2198 libebitque
483 2158 573 2190 codd.
590 2158 626 2199 (i.
636 2169 661 2190 e.
678 2159 751 2199 liv-)
846 2168 881 2189 11
906 2164 940 2189 te
958 2159 1044 2189 duce
1058 2169 1157 2198 quem
1172 2159 1308 2189 dederis
1321 2164 1418 2198 rapte

80 2207 227 2234 totorum
244 2213 383 2234 auorum
402 2203 449 2233 CA
635 2202 723 2233 XIII
749 2213 798 2233 vv.
820 2213 906 2242 7—10
921 2202 995 2234 hab.
1021 2203 1052 2233 T
1117 2213 1130 2233 1
1156 2202 1251 2243 oras]
1270 2213 1349 2234 urse
1370 2202 1419 2234 CA

79 2257 98 2285 3
122 2246 212 2278 mani
236 2247 378 2277 dilectus
397 2245 476 2277 BA:
512 2252 711 2277 mansuetus
729 2246 778 2277 CA
802 2247 884 2287 (pro
910 2246 1002 2276 Mani
1028 2251 1213 2277 consuetus
1226 2246 1253 2284 3)
1397 2258 1416 2286 4

79 2290 403 2330 praetextateculius
428 2293 466 2320 ut
489 2290 553 2321 vid.
582 2290 629 2321 CA
654 2292 847 2330 (praetexta
873 2290 1011 2321 cecilius
1036 2291 1158 2331 (caec.)
1183 2289 1292 2330 EAV’,
1319 2301 1417 2330 prae-

78 2339 208 2365 textate
225 2334 322 2365 uiciis
337 2333 382 2370 X,
394 2338 629 2374 praetextatae
647 2334 731 2365 ciuis
749 2333 796 2371 C)
869 2333 1036 2365 amicitiae
1055 2333 1101 2365 CA
1121 2335 1212 2374 (cum
1229 2332 1274 2374 L)
1396 2344 1414 2373 5

78 2379 168 2418 quod
189 2378 239 2409 CA
328 2382 437 2408 mater
465 2377 514 2408 CA
657 2380 678 2409 6
701 2378 833 2408 dulcius
862 2377 911 2408 CA
1054 2387 1071 2416 7
1096 2377 1193 2418 sicci]
1223 2378 1272 2408 sic
1301 2381 1335 2407 et
1368 2377 1416 2408 CA

78 2423 98 2451 8
123 2421 319 2463 Scythicas]
337 2421 490 2452 setubias
506 2425 544 2451 ut
557 2421 622 2452 vid.
645 2421 693 2452 CA
712 2423 763 2452 (se
780 2421 879 2452 tibias
894 2420 1002 2461 EAV,
1026 2421 1167 2451 secubas
1185 2420 1264 2460 XC)
1353 2421 1416 2452 hos

79 2470 112 2496 et
122 2465 181 2496 ΑΛ
194 2477 200 2498 :
225 2466 352 2506 hospes
364 2465 418 2496 ΒΑ
435 2477 442 2497 :
463 2465 564 2497 hoste
578 2469 614 2495 ut
625 2465 689 2498 vid.
706 2465 753 2496 CA
766 2464 951 2508 <hostisX)
1033 2476 1054 2505 9
1073 2464 1209 2506 eadem]
1224 2464 1354 2496 caelum
1367 2464 1416 2496 CA
