1648 2729
742 151 1213 190 EPIGRAMMATON
1244 152 1348 189 LIB.
1382 153 1440 189 XI

561 265 742 302 XXXIX

101 333 303 372 Cunarum
334 332 462 369 fueras
491 337 631 377 motor,
664 329 915 377 Charideme,
947 343 1123 369 mearum

153 405 193 436 et
220 396 332 448 pueri
361 403 495 435 custos
524 395 797 446 adsiduusque
827 409 973 434 comes.

99 463 176 502 iam
208 462 305 501 mihi
333 461 560 512 nigrescunt
588 468 704 499 tonsa
732 461 889 500 sudaria
919 462 1040 500 barba

153 536 192 567 et
221 527 397 578 queritur
425 526 543 565 labris
573 534 721 577 puncta
750 529 883 577 puella
912 527 1034 574 meis3

100 595 170 633 sed
200 593 271 632 tibi
300 607 382 632 non
411 593 539 631 crevi:
579 600 618 631 te
647 600 781 631 noster
809 592 946 631 vilicus
976 593 1117 639 horret,
1425 608 1440 637 5

153 667 192 698 te
220 659 481 710 dispensator,
512 666 550 697 te
579 660 723 697 domus
752 658 837 709 ipsa
866 666 992 708 pavet.

99 727 235 765 ludere
264 738 339 763 nec
368 724 485 763 nobis
515 738 588 763 nec
618 732 660 763 tu
690 724 883 774 permittis
911 738 1071 772 amare3

154 790 209 828 nil
239 790 336 828 mihi
366 790 423 828 vis
452 798 491 828 et
520 789 577 828 vis
606 797 751 828 cuncta
778 789 895 828 licere
924 789 1007 827 tibi.

99 855 271 906 corripis,
303 855 501 903 observas,
533 855 716 905 quereris,
749 854 915 905 suspiria
944 854 1067 901 ducis,

153 928 193 960 et
221 921 284 959 vix
312 935 335 959 a
364 920 496 959 ferulis
526 929 719 971 temperat
748 920 803 958 ira
832 928 909 958 tua.
1406 935 1444 956 10

101 986 132 1025 si
161 986 302 1037 Tyrios
332 986 483 1036 sumpsi
513 988 641 1025 cultus
671 986 814 1025 unxive
843 985 1019 1036 capillos,

154 1054 350 1091 exclamas
383 1054 638 1102 ‘Numquam
668 1053 812 1090 fecerat
842 1051 915 1090 ista
944 1053 1074 1102 pater’
1090 1066 1100 1100 3

100 1128 138 1158 et
167 1131 351 1157 numeras
380 1126 536 1157 nostros
565 1117 752 1156 adstricta
781 1119 908 1156 fronte
937 1117 1109 1164 trientes,

155 1192 358 1234 tamquam
390 1185 441 1223 de
470 1185 570 1222 cella
599 1182 647 1221 sit
677 1184 800 1222 cadus
834 1183 898 1221 ille
929 1190 1005 1221 tua.

103 1249 279 1298 Desine;
318 1263 399 1288 non
430 1263 592 1300 possum
626 1249 812 1288 libertum
843 1250 942 1287 ferre
972 1250 1180 1288 Catonem.
1408 1262 1445 1294 15

155 1329 241 1354 esse
271 1315 396 1353 virum
428 1315 505 1353 iam
536 1329 600 1353 me
630 1314 736 1353 dicet
765 1314 893 1353 amica
925 1313 1005 1353 tibi.

614 1399 711 1436 XLI

101 1465 288 1514 Indulget
317 1463 450 1514 pecori
479 1463 647 1502 nimium
678 1465 774 1502 dum
805 1471 938 1514 pastor
967 1465 1161 1513 Amyntas

156 1538 195 1568 et
222 1531 369 1580 gaudet
396 1531 502 1568 fama
529 1529 761 1580 luxuriaque
789 1529 929 1580 gregis,

100 1597 289 1635 cedentes
318 1595 429 1634 oneri
458 1609 588 1634 ramos
623 1595 842 1646 silvamque
872 1596 1062 1634 fluentem

155 1661 259 1709 vicit,
289 1675 504 1700 concussas
533 1661 618 1712 ipse
647 1669 806 1700 secutus
836 1674 943 1711 opeS.

101 1727 209 1767 triste
238 1740 378 1766 nemus
408 1727 516 1765 dirae
545 1726 668 1765 vetuit
697 1740 903 1777 superesse
931 1725 1092 1776 rapinae
1428 1739 1446 1770 5

155 1792 440 1843 damnavitque
468 1793 571 1843 rogis
600 1792 719 1831 noxia
747 1792 853 1843 ligna
885 1799 1008 1842 pater.

103 1858 284 1909 Pingues,
317 1859 468 1909 Lygde,
498 1872 587 1897 sues
617 1859 762 1897 habeat
791 1857 945 1896 vicinus
980 1859 1124 1896 Iollas:

155 1932 195 1963 te
224 1923 316 1962 satis
346 1931 406 1963 est
434 1923 551 1962 nobis
580 1925 843 1962 adnumerare
874 1937 1006 1973 pecus.

604 2008 725 2044 XLII

103 2072 249 2111 Vivida
277 2086 369 2111 cum
399 2085 541 2123 poscas
571 2071 865 2122 epigrammata,
899 2079 1055 2110 mortua
1083 2070 1199 2121 ponis

156 2139 353 2177 lemmata.
414 2137 496 2187 Qui
525 2138 619 2185 fieri,
652 2137 890 2184 Caeciliane,
922 2139 1086 2188 potest?

147 2242 306 2273 XXXIX
329 2242 402 2274 hab.
428 2243 459 2273 T
521 2234 542 2273 v2
558 2242 778 2282 adsiduisque
800 2242 830 2272 T
914 2253 933 2280 4
957 2241 1071 2272 iuncta
1087 2241 1170 2272 AA:
1194 2246 1320 2281 puncta
1335 2241 1445 2272 BACA

103 2287 224 2327 puellis
243 2286 342 2327 (-aeis
356 2289 380 2318 Ἡ
401 2286 452 2317 ΕΑ
469 2291 506 2316 ut
521 2286 586 2317 vid.
608 2287 738 2326 (puella
753 2286 819 2317 tuis
834 2285 879 2324 X,
899 2287 1010 2325 puella
1027 2287 1098 2316 suis
1117 2285 1166 2324 V)
1294 2295 1314 2324 5
1339 2286 1447 2316 crevit

101 2330 248 2361 AABA:
272 2330 361 2361 crevi
388 2330 437 2361 CA
547 2332 568 2360 6
593 2330 668 2369 ipse
691 2330 720 2360 T
826 2340 848 2370 9
869 2330 985 2369 queris
1007 2330 1037 2359 T
1149 2339 1189 2360 10
1212 2333 1381 2368 temperat
1398 2330 1447 2360 ira

102 2385 162 2405 sua
180 2375 241 2404 ΑΛ
258 2377 332 2415 (tua
350 2374 549 2414 Beverland)
564 2386 572 2405 :
597 2375 749 2405 abstinet
767 2374 815 2404 ira
831 2384 965 2404 manum
983 2372 1094 2404 BACA
1201 2383 1240 2411 13
1264 2373 1400 2404 triantis
1423 2373 1452 2404 T

149 2418 229 2449 XLI
256 2428 275 2457 5
300 2419 419 2449 ruinae
437 2418 531 2458 Rooy
825 2417 923 2448 XLII
948 2418 1023 2448 hab.
1050 2418 1080 2448 T
1165 2428 1185 2448 2
1210 2416 1290 2457 quid
1307 2416 1446 2448 AACA:

103 2463 160 2502 qui
180 2462 236 2493 BA
326 2463 399 2493 fleri
420 2462 469 2493 CA
