1648 2729
337 562 404 608 M.
454 560 614 609 VAL.
665 559 1078 609 MARTIALIS

392 679 1007 729 EPIGRAMMATON

563 798 737 835 LIBER
774 799 813 835 X

681 898 700 935 I

74 965 116 1003 S1
147 964 292 1004 nimius
323 965 459 1005 videor
489 980 653 1017 seraque
684 966 874 1006 coronide
904 969 1045 1018 longus

129 1043 215 1069 esse
243 1030 351 1079 liber,
383 1031 503 1082 legito
532 1045 684 1082 pauca:
724 1032 880 1071 libellus
910 1046 987 1072 ero.

73 1102 210 1146 terque
239 1104 457 1147 quaterque
486 1097 584 1136 mihi
613 1097 746 1137 finitur
775 1098 949 1137 carmine
978 1112 1098 1149 parvo

127 1160 293 1212 pagina:
331 1163 393 1202 fac
422 1162 494 1201 tibi
523 1176 587 1202 me
616 1177 736 1213 quam
766 1163 878 1214 cupis
907 1164 992 1215 ipse
1021 1164 1192 1203 brevem.

669 1264 713 1302 II

74 1332 275 1372 Festinata
303 1333 420 1385 prior,
450 1333 596 1373 decimi
625 1333 723 1372 mihi
752 1348 846 1374 cura
873 1334 996 1374 libelli

127 1401 305 1450 elapsum
335 1399 519 1439 manibus
549 1413 657 1438 nunc
685 1400 883 1439 revocavit
912 1414 1023 1451 opus.

74 1472 170 1504 nota
196 1466 302 1515 leges
332 1466 529 1516 quaedam
559 1467 630 1504 sed
660 1465 754 1504 lima
783 1479 869 1505 rasa
902 1465 1074 1515 recenti3

127 1544 216 1581 pars
246 1544 350 1570 nova
378 1530 503 1570 maior
532 1530 627 1570 erit:
667 1533 800 1579 lector,
832 1531 989 1582 utrique
1019 1533 1117 1580 fave,

73 1597 207 1644 lector,
239 1609 335 1647 opes
364 1604 545 1635 nostrae:
585 1610 705 1647 quem
735 1610 827 1636 cum
858 1597 955 1635 mihi
986 1599 1119 1636 Roma
1147 1597 1335 1645 dedisset,
1396 1615 1413 1646 5

130 1661 223 1700 ‘Nil
252 1661 324 1701 tibi
353 1663 462 1713 quod
492 1663 633 1702 demus
663 1662 790 1701 maius
819 1663 1035 1702 habemus’
1064 1662 1128 1701 ait.

75 1725 205 1777 ‘pigra
233 1741 303 1778 per
331 1728 438 1766 hunc
467 1727 592 1778 fugies
620 1727 795 1779 ingratae
823 1728 988 1767 flumina
1018 1729 1164 1767 Lethes

126 1800 165 1831 et
194 1792 356 1832 meliore
384 1792 442 1831 tui
470 1801 580 1843 parte
609 1801 807 1843 superstes
836 1793 921 1833 eris.

73 1870 269 1896 marmora
298 1859 510 1897 Messallae
538 1858 653 1897 findit
682 1858 889 1909 caprificus
920 1866 958 1898 et
986 1860 1116 1897 audax

125 1922 313 1962 dimidios
343 1922 472 1973 Crispi
500 1923 624 1962 mulio
653 1923 754 1963 ridet
782 1937 930 1974 equos:
1375 1941 1414 1963 10

71 1995 111 2027 at
140 1988 283 2027 chartis
313 2002 388 2027 nec
417 1990 519 2027 furta
547 1996 695 2028 nocent
725 1997 764 2028 et
792 1991 950 2028 saecula
978 1996 1154 2040 prosunt,

126 2055 290 2104 solaque
319 2067 401 2092 non
431 2062 577 2093 norunt
607 2055 705 2093 haec
735 2062 996 2094 monumenta
1025 2055 1149 2094 mori.'

654 2143 721 2181 III

72 2213 386 2251 Vernaculorum
416 2211 533 2260 dicta,
565 2212 771 2251 sordidum
801 2214 975 2261 dentem,

71 2285 110 2316 et
139 2278 257 2316 foeda
284 2276 442 2327 linguae
470 2278 614 2328 probra
642 2278 906 2327 circulatricis‚

118 2375 130 2406 1
156 2386 175 2405 2
199 2375 289 2407 lecto
308 2374 356 2405 CA
489 2388 508 2416 4
532 2377 620 2408 facta
637 2378 695 2408 tibi
715 2377 763 2408 CA
853 2378 928 2419 ipse
943 2378 999 2409 BA
1015 2390 1022 2410 ε
1045 2389 1124 2410 esse
1142 2379 1191 2410 CA

118 2419 149 2450 ΙΙ
174 2430 223 2450 vv.
240 2429 326 2459 9-12
341 2420 415 2452 hab.
440 2419 477 2461 T,
491 2431 521 2452 v.
545 2431 580 2451 11
599 2421 672 2453 hab.
693 2421 725 2451 R
917 2433 937 2461 4
961 2423 1086 2463 ubique
1101 2421 1182 2453 BA:
1206 2423 1341 2464 utrique
1360 2424 1410 2455 CA

73 2473 90 2502 7
115 2463 252 2501 fugiens
272 2463 321 2494 CA
457 2474 493 2494 11
519 2470 591 2497 ets.
609 2466 667 2496 ΑΑ
687 2477 694 2497 :
719 2475 783 2497 nec
800 2475 826 2498 s.
843 2465 953 2497 BACA

116 2516 221 2538 MART.
240 2516 292 2538 131².
312 2517 360 2539 sc.
378 2516 432 2539 En.
1281 2511 1322 2541 15
