1648 2729
740 118 1210 157 EPIGRAMMATON
1242 119 1345 156 LIB.
1378 119 1413 153 V

564 232 701 269 LXIV

77 310 291 355 Sextantes,
324 307 497 354 Calliste,
528 308 630 345 duos
659 306 824 345 infunde
854 306 1019 353 Falerni,

132 380 174 411 tu
203 386 320 423 super
347 372 525 420 aestivas,
557 372 725 419 Alcime,
756 373 865 410 solve
894 371 1015 419 nives,

77 437 308 488 pinguescat
336 437 460 476 nimio
490 437 673 476 madidus
704 437 801 475 mihi
830 437 947 475 crinis
975 450 1137 476 amomo

131 503 403 552 lassenturque
432 502 534 540 rosis
559 510 739 553 tempora
767 501 960 540 sutilibus.

77 575 156 606 tam
185 566 315 605 vicina
342 566 480 605 iubent
508 580 581 606 nos
610 567 739 606 vivere
770 569 989 614 Mausolea,
1400 581 1416 612 5

131 646 222 670 cum
252 633 424 671 doceant
453 632 560 682 ipsos
589 646 706 683 posse
735 632 861 684 perire
890 634 998 671 deos.

582 738 695 775 LXV

78 815 194 850 Astra
223 813 440 862 polumque
469 812 591 860 dedit,
623 812 803 862 quamvis
832 820 1015 863 opstante
1044 825 1223 859 noverca,

131 876 298 915 Alcidae
328 878 501 916 Nemees
531 885 652 916 terror
681 885 719 916 et
749 879 871 916 Arcas
900 891 994 927 aper

78 949 115 980 et
145 941 377 993 castigatum
408 942 581 992 Libycae
609 956 768 981 ceroma
796 944 1012 993 palaestrae

133 1015 172 1046 et
200 1007 325 1058 gravis
355 1007 394 1045 in
425 1007 559 1046 Siculo
588 1010 749 1058 pulvere
778 1010 888 1047 fusus
920 1010 1034 1058 Eryx,

79 1073 343 1123 silvarumque
372 1081 528 1121 tremor,
559 1073 677 1112 tacita
706 1074 774 1124 qui
803 1075 940 1112 fraude
969 1074 1122 1112 solebat
1399 1088 1415 1119 5

132 1139 277 1177 ducere
307 1151 387 1176 non
417 1146 542 1177 rectas
573 1140 703 1178 Cacus
732 1139 772 1177 in
801 1147 912 1177 antra
942 1140 1074 1178 boves.

81 1205 162 1242 Ista
190 1211 292 1251 tuae,
324 1204 480 1251 Caesar,
512 1212 635 1254 quota
663 1217 751 1254 pars
781 1212 980 1254 spectatur
1008 1205 1209 1242 harenae?

132 1270 200 1308 dat
229 1269 378 1307 maiora
406 1283 532 1308 novus
562 1269 710 1319 proelia
738 1284 855 1308 mane
884 1270 981 1308 dies.

79 1341 177 1384 quot
205 1334 381 1384 graviora
409 1336 558 1373 cadunt
588 1336 793 1374 Nemeaeo
822 1337 1000 1386 pondera
1030 1337 1235 1373 monstro!

133 1407 230 1450 quot
259 1407 326 1438 tua
357 1400 578 1438 Maenalios
608 1402 792 1439 conlocat
821 1402 934 1439 hasta
962 1403 1078 1439 sues!
1380 1417 1418 1437 10

79 1466 265 1504 reddatur
293 1465 325 1503 si
354 1472 487 1516 pugna
515 1465 654 1516 triplex
684 1465 849 1516 pastoris
881 1465 1035 1514 Hiberi,

133 1538 192 1569 est
221 1529 292 1569 tibi
321 1531 389 1581 qui
418 1530 542 1581 possit
571 1530 728 1570 vincere
759 1532 982 1581 Geryonen.

78 1608 196 1645 saepe
224 1595 316 1634 licet
345 1596 487 1635 Graiae
515 1604 742 1635 numeretur
770 1597 888 1635 belua
916 1598 1084 1644 Lernae,

133 1660 301 1711 inproba
330 1660 493 1700 Niliacis
523 1661 620 1711 quid
648 1662 741 1701 facit
772 1663 913 1712 Hydra
941 1662 1061 1700 feris?

81 1727 157 1764 Pro
187 1725 334 1765 meritis
364 1728 518 1765 caelum
549 1727 678 1775 tantis,
710 1730 900 1778 Auguste,
933 1729 1130 1767 dederunt
1379 1743 1416 1773 15

135 1791 301 1831 Alcidae
331 1791 410 1830 cito
439 1792 480 1831 di
510 1794 581 1832 sed
610 1793 683 1832 tibi
711 1807 798 1833 sero
828 1794 994 1832 dabunt.

543 1893 678 1930 LXVI

81 1969 207 2018 Saepe
236 1969 427 2007 salutatus
456 1982 675 2018 numquam
706 1967 811 2019 prior
839 1967 923 2018 ipse
953 1969 1122 2007 salutas:

135 2033 191 2072 sic
220 2033 294 2072 eris
323 2035 554 2081 Aeternum,
587 2033 824 2082 Pontiliane,
853 2034 965 2072 Vale.

135 2137 248 2202 LXfle
275 2148 288 2168 1
314 2138 449 2169 infundi
469 2137 515 2169 CA
645 2149 665 2178 4
689 2138 869 2170 subtilibus
886 2142 923 2169 ut
938 2138 1002 2169 vid.
1020 2138 1074 2168 ΒΑ
1201 2147 1220 2177 5
1245 2138 1326 2169 Tam
1343 2138 1398 2168 BA
1414 2151 1420 2167 :

82 2181 220 2255 Ιᾶῗὶξν
242 2235 261 2255 2
286 2235 409 2256 nemee
429 2225 534 2266 (eae)
553 2230 604 2256 est
621 2230 643 2257 t.
663 2225 711 2257 CA
788 2230 921 2256 terrore
938 2236 1067 2257 marcas
1083 2225 1138 2255 BA
1271 2236 1290 2263 4
1315 2226 1420 2256 sicula

81 2269 135 2298 ΒΑ
202 2273 297 2299 tusus
317 2268 396 2299 BA:
422 2269 514 2301 susus
532 2269 580 2300 CA
600 2270 652 2311 (cs.
677 2269 797 2301 Gilbert
812 2269 859 2300 ad
871 2270 941 2309 loc.)
1058 2270 1079 2300 6
1104 2279 1174 2300 non
1189 2268 1265 2299 BA:
1291 2279 1353 2299 nec
1373 2269 1421 2299 CA

81 2312 251 2386 {cgitaicoga
266 2313 321 2343 BA
339 2312 394 2354 (cf.
410 2323 440 2343 v.
459 2314 494 2354 8)
691 2323 726 2344 11
753 2314 780 2345 si
797 2324 864 2345 om.
882 2313 937 2343 BA
1133 2322 1172 2352 13
1194 2312 1331 2352 quidem
1347 2312 1420 2342 BA:

127 2399 238 2430 LXVI
263 2399 336 2431 hab.
358 2399 418 2430 TR
