1648 2729
190 165 661 204 EPIGRAMMATON
693 166 798 204 LIB.
829 167 867 204 X

296 275 502 325 Hispanae
531 283 622 325 pete
650 274 885 313 Tarraconis
913 288 1049 313 arces:

295 341 402 380 illine
432 349 470 380 te
500 349 585 380 rota
614 343 724 387 tollet
753 349 792 380 et
821 341 963 379 citatus
1509 362 1525 393 5

293 409 412 446 altam
445 407 606 445 Bilbilin
636 415 675 446 et
703 416 816 445 tuum
846 409 1031 446 Salonem

293 472 433 523 quinto
462 472 624 511 forsitan
654 474 796 511 essedo
825 472 989 511 videbis.

294 538 404 588 Quid
434 539 622 577 mandem
652 538 725 577 tibi
754 538 938 589 quaeris?
994 540 1049 576 Vt
1078 540 1234 578 sodales

293 617 452 654 paucos,
485 605 556 642 sed
585 612 735 643 veteres
765 612 804 643 et
833 612 925 643 ante
954 605 1114 643 brumas

292 669 449 719 triginta
478 669 575 707 mihi
604 677 870 720 quattuorque
898 670 1002 708 visos
1486 688 1524 711 10

291 735 376 785 ipsa
405 735 584 785 protinus
612 749 635 773 a
663 735 726 773 via
755 736 900 774 salutes

291 808 330 839 et
359 809 538 839 nostrum
567 802 786 839 admoneas
816 800 987 839 subinde
1018 803 1180 839 Flavum

289 866 485 905 iucundos
516 866 612 904 mihi
641 880 715 905 nec
744 866 962 905 laboriosos

290 945 468 971 secessus
498 931 624 982 pretio
653 940 763 983 paret
792 931 949 979 salubri,

289 997 358 1048 qui
387 997 540 1048 pigrum
570 997 715 1036 faciant
745 1006 857 1036 tuum
888 1005 1103 1048 parentem.
1481 1016 1517 1048 15

290 1064 406 1102 Haec
435 1070 537 1101 sunt.
597 1065 684 1101 Iam
714 1063 890 1102 tumidus
919 1071 1035 1102 vocat
1064 1062 1249 1114 magister

287 1128 531 1179 castigatque
562 1142 702 1176 moras,
735 1137 773 1168 et
802 1143 896 1167 aura
924 1137 1083 1180 portum

286 1194 428 1232 laxavit
457 1194 617 1233 melior:
655 1195 752 1242 vale,
784 1194 939 1233 libelle:

286 1274 439 1308 navem,
471 1260 546 1299 scis
576 1268 684 1310 puto,
716 1274 798 1299 non
828 1268 1003 1300 moratur
1031 1274 1144 1299 unus.

221 1364 299 1394 CIV
323 1375 341 1403 4
367 1369 461 1404 petet
477 1375 555 1396 corr.
576 1370 654 1404 pete
671 1364 725 1394 BA
744 1369 780 1395 ut
795 1364 857 1396 vid.
880 1367 954 1406 (seq.
974 1365 1000 1403 t)
1141 1367 1162 1396 6
1186 1370 1276 1397 tuam
1294 1366 1445 1397 salonam
1461 1367 1516 1397 ΒΑ

177 1411 196 1438 8
220 1409 402 1448 quaeriscit
419 1419 445 1439 s.
470 1409 520 1440 CA
537 1409 582 1448 (ci
596 1413 656 1448 pro
671 1410 708 1447 u)
823 1420 843 1448 9
868 1410 929 1440 sed
942 1408 1017 1440 Ital.
1033 1420 1041 1439 ;
1065 1414 1099 1439 et
1113 1409 1205 1442 codd.
1295 1411 1447 1442 brumam
1467 1411 1515 1441 CA

180 1462 217 1491 15
243 1453 367 1483 faciunt
387 1453 436 1483 CA
596 1454 635 1483 16
660 1453 808 1484 tumidus
823 1453 899 1484 BA:
924 1454 1058 1484 timidos
1079 1452 1129 1484 CA
1290 1465 1329 1494 19
1353 1465 1423 1485 non
1438 1454 1513 1486 BA:

176 1507 239 1527 nec
260 1496 309 1527 CA
