1648 2729
161 110 217 146 M.
251 109 374 147 VAL.
408 110 723 149 MARTIALIS

158 222 212 260 nil
241 223 336 261 facis
366 231 404 262 et
434 237 563 262 serum
594 232 652 263 est
680 224 801 263 alium
832 224 928 264 mihi
958 239 1145 276 quaerere
1174 239 1318 276 regern.

214 290 318 335 Hoc,
352 290 537 338 Fortuna,
569 291 731 341 placet?
790 292 1028 330 ‘Postumus
1058 291 1258 341 inposuit.'
1458 308 1497 330 10

666 403 763 440 XLI

159 477 268 526 Quid
298 477 528 517 recitaturus
558 477 780 517 circumdas
809 480 954 517 vellera
982 481 1116 518 collo?

213 543 455 582 conveniunt
485 543 628 582 nostris
657 544 818 582 auribus
848 543 922 583 ista
951 544 1087 595 magis.

656 645 794 681 XLIV

161 718 242 757 Hic
272 726 330 757 est
359 718 580 769 pampineis
609 719 743 758 viridis
773 721 895 758 modo
924 719 1096 758 Vesbius
1126 720 1290 769 umbris,

213 792 405 834 presserat
434 784 498 823 hic
528 784 711 823 madidos
740 784 885 823 nobilis
915 798 991 822 uva
1019 786 1153 824 lacus:

159 850 257 888 haec
286 849 386 899 iuga,
419 863 538 900 quam
571 851 703 899 Nysae
732 852 853 888 colles
882 852 971 901 plus
1002 852 1184 889 Bacchus
1213 851 1372 898 amavit,

213 915 290 952 hoc
319 928 445 964 nuper
475 914 599 964 Satyri
629 923 766 953 monte
795 916 941 953 dedere
970 916 1124 954 choros.

159 981 256 1018 haec
286 979 451 1018 Veneris
482 981 606 1027 sedes,
640 981 944 1019 Lacedaemone
972 980 1116 1031 gratior
1143 980 1209 1028 illi,
1477 999 1495 1030 5

214 1044 278 1083 hic
307 1047 418 1083 locus
450 1047 654 1084 Herculeo
684 1045 846 1084 nomine
875 1047 1002 1084 clarus
1032 1054 1124 1084 erat.

160 1118 303 1149 cuncta
332 1111 461 1149 iacent
491 1111 660 1149 flammis
691 1119 729 1150 et
758 1111 856 1149 tristi
887 1125 1013 1150 mersa
1042 1111 1197 1151 favilla:

213 1189 288 1214 nec
317 1176 447 1226 superi
475 1178 621 1215 vellent
649 1178 726 1215 hoc
755 1176 912 1215 licuisse
941 1176 1026 1215 sibi.

663 1283 778 1320 XLV

162 1364 276 1401 Haec
305 1363 376 1402 tibi
406 1377 477 1414 pro
505 1372 600 1402 nato
629 1366 747 1415 plena
775 1365 843 1403 dat
871 1365 997 1403 laetus
1026 1377 1169 1412 acerra,

214 1429 390 1475 Phoebe,
424 1429 625 1468 Palatinus
655 1443 819 1468 munera
848 1429 1093 1477 Parthenius,

161 1501 203 1531 ut
233 1493 300 1543 qui
329 1493 455 1544 prima
483 1508 589 1533 novo
619 1494 745 1545 signat
775 1494 1048 1544 quinquennia
1076 1497 1209 1542 lustro,

214 1558 375 1609 impleat
404 1559 630 1598 innumeras
661 1562 806 1598 Burrus
836 1560 1105 1610 Olympiadas.

160 1625 220 1662 fac
250 1632 332 1662 rata
361 1634 452 1663 vota
480 1625 626 1675 patris:
665 1625 721 1664 sic
750 1633 789 1664 te
818 1633 884 1663 tua
913 1625 1048 1676 diligat
1076 1626 1192 1664 arbor
1477 1643 1495 1674 5

215 1691 384 1739 gaudeat
414 1698 452 1728 et
481 1698 587 1728 certa
614 1690 835 1741 virginitate
864 1704 983 1738 soror,

160 1762 352 1804 perpetuo
382 1754 437 1793 sic
467 1757 562 1794 flore
592 1755 726 1804 mices,
757 1755 813 1794 sic
842 1755 1016 1806 denique
1045 1769 1127 1794 non
1156 1755 1234 1794 sint

214 1827 292 1858 tam
323 1821 464 1871 longae
494 1821 658 1861 Bromio
688 1835 808 1872 quam
837 1821 920 1869 tibi,
953 1822 1127 1869 Phoebe,
1159 1835 1308 1860 comae.

646 1927 781 1964 XLVI

269 2007 487 2045 Saturnalia
516 2007 678 2046 divitem
709 2009 909 2047 Sabellum

267 2073 468 2111 fecerunt:
508 2072 648 2111 merito
678 2081 804 2112 tumet
833 2074 1023 2121 Sabellus,

204 2176 266 2206 XL
290 2188 311 2216 9
334 2187 449 2207 serum
469 2175 585 2207 talium
597 2176 653 2207 ΒΑ
672 2177 758 2217 (pro
772 2184 919 2208 serumst
937 2177 1040 2208 aliurn
1051 2178 1076 2220 ἲ)
1094 2189 1100 2209 :
1120 2188 1234 2208 serum
1251 2181 1304 2208 est
1319 2177 1420 2208 alium
1439 2177 1486 2209 CA

203 2221 281 2250 XLI
309 2231 328 2250 2
354 2220 411 2250 illa
428 2220 505 2250 BA:
531 2221 595 2251 ista
613 2221 660 2251 CA

203 2264 317 2294 XLIV
340 2264 412 2294 hab.
433 2264 462 2294 T
498 2274 512 2294 1
539 2265 618 2295 hine
636 2264 684 2295 CA
766 2275 786 2295 2
811 2275 876 2295 oua
893 2268 930 2294 ul
945 2263 1008 2296 vid.
1029 2264 1078 2295 CA
1166 2275 1186 2303 3
1211 2264 1254 2304 pl.
1274 2265 1338 2299 hac
1355 2265 1427 2296 bac.
1447 2265 1495 2296 CA

158 2319 177 2345 4
202 2309 326 2338 chorus
344 2308 392 2339 CA
504 2317 523 2346 5
548 2309 611 2339 hoc
631 2308 679 2339 CA
789 2309 810 2337 6
833 2309 973 2339 nomine
990 2308 1131 2338 AABA:
1155 2309 1293 2339 numine
1311 2308 1360 2339 CA

202 2351 295 2381 XLV
321 2351 393 2383 ltab.
421 2352 451 2382 T
499 2362 517 2390 5
543 2352 592 2382 fac
610 2358 684 2383 rata
700 2351 839 2382 AABA:
872 2352 978 2382 serata
997 2351 1057 2390 CA,
1080 2351 1166 2383 unde
1189 2352 1240 2383 fer
1263 2358 1336 2383 rata
1354 2363 1384 2383 u.
1405 2353 1493 2392 patri

160 2394 317 2425 Hemrms
405 2395 522 2436 arbor]
539 2406 625 2427 uxor
643 2396 691 2427 CA
824 2406 841 2435 7
867 2396 893 2427 si
911 2397 944 2426 ss.
966 2395 997 2426 T
