1648 2729
725 152 1195 192 EPIGRAMMATON
1228 153 1332 192 LIB.
1363 154 1472 192 VIII

245 263 322 301 hoc
350 263 512 312 longum
542 261 622 310 tibi,
655 262 733 300 vita
762 264 858 301 dum
888 262 1075 311 manebit,
1434 279 1472 311 15

245 328 321 365 hoc
350 335 389 366 et
416 334 507 377 post
535 327 685 366 cineres
715 327 786 366 erit
814 327 1015 366 tributum.

606 456 787 492 XXXIX

137 535 217 584 Qui
248 536 450 575 Palatinae
479 544 637 587 caperet
666 536 846 575 convivia
876 550 1038 575 mensae

187 601 485 652 ambrosiasque
513 603 635 652 dapes
665 615 746 640 non
775 609 856 640 erat
884 609 976 640 ante
1005 603 1141 640 locus:

135 666 198 705 hic
228 666 381 705 haurire
409 668 524 706 decet
554 681 718 715 sacrum,
752 667 998 715 Germanice,
1031 675 1164 706 nectar

189 740 227 771 et
257 733 516 782 Ganymedea
545 735 688 783 pocula
718 732 838 771 mixta
867 746 998 771 manu.

135 798 234 836 Esse
262 797 368 845 velis,
401 811 481 845 oro,
513 811 621 836 serus
651 798 817 837 conviva
845 797 1066 836 Tonantis:
1452 813 1470 845 5

187 871 226 900 at
256 870 297 901 tu
327 863 358 901 si
388 877 585 914 properaS,
618 863 806 914 Iuppiter,
839 863 923 914 ipse
951 863 1051 902 veni.

654 991 729 1028 XL

241 1073 336 1111 Non
365 1072 468 1111 horti
497 1085 627 1122 neque
656 1072 828 1123 palmitis
858 1071 963 1111 beati

241 1139 310 1176 sed
339 1137 413 1176 rari
440 1138 623 1186 nemoris,
656 1138 806 1189 Priape,
837 1146 981 1185 custos,

240 1218 287 1242 ex
316 1217 396 1254 quo
426 1212 540 1242 natus
570 1217 611 1242 es
640 1213 679 1243 et
707 1212 820 1254 potes
849 1203 1011 1250 renasci,

240 1269 402 1316 furaces,
434 1282 591 1316 moneo,
623 1283 764 1307 manus
792 1271 957 1319 repellas

241 1343 279 1372 et
308 1334 445 1372 silvam
475 1333 628 1373 domini
657 1334 755 1373 focis
785 1347 981 1373 reserves:
1451 1348 1469 1379 5

240 1399 271 1437 si
301 1399 488 1438 defecerit
517 1400 627 1447 haec,
658 1407 696 1438 et
726 1399 810 1450 ipse
838 1399 988 1450 lignum
1019 1411 1071 1438 es.

644 1529 741 1565 XLI

136 1610 297 1649 ‘'l‘ristis
326 1611 601 1660 Athenagoras
630 1624 712 1649 non
742 1609 847 1648 misit
877 1622 1041 1648 munera
1070 1608 1186 1647 nobis

187 1689 288 1726 quae
318 1674 451 1714 medio
480 1675 644 1714 brumae
673 1675 828 1714 mittere
857 1688 994 1713 mense
1022 1675 1146 1712 solet.'

135 1744 197 1780 An
229 1741 277 1780 sit
306 1742 580 1791 Athenagoras
610 1741 739 1789 tristis,
772 1741 970 1788 Faustine,
1001 1740 1172 1779 videbo:

189 1821 251 1845 me
280 1814 385 1845 certe
414 1806 564 1845 tristem
593 1806 686 1845 fecit
715 1808 999 1857 Athenagoras.

631 1941 751 1978 XLII

244 2023 283 2062 Si
313 2031 351 2061 te
381 2023 557 2072 sportula
586 2022 711 2061 maior
738 2023 791 2061 ad
819 2023 957 2061 beatos

242 2101 323 2126 non
353 2087 579 2137 corruperit,
610 2095 654 2125 ut
682 2089 792 2134 solet,
824 2087 959 2126 licebit

242 2155 293 2192 de
321 2160 469 2200 nostro,
501 2154 653 2200 Matho,
685 2152 834 2192 centies
861 2152 1010 2191 laveris.

180 2257 337 2288 XXXIX
361 2267 381 2296 3
405 2257 521 2288 audire
537 2257 593 2287 BA
611 2258 689 2299 (pro
705 2257 831 2298 aurire)
994 2266 1014 2296 5
1038 2266 1100 2287 oro
1119 2255 1214 2297 (EA)
1234 2254 1284 2286 vel
1296 2264 1355 2285 ore
1374 2252 1471 2296 (XB)

137 2302 185 2332 CA
318 2303 339 2332 6
363 2306 420 2331 aut
435 2300 539 2332 ABG

181 2345 244 2375 XL
267 2354 287 2384 5
312 2344 378 2375 foci
395 2344 445 2375 CA

182 2389 261 2419 XLI
286 2389 357 2420 hab.
381 2388 411 2419 T

182 2432 280 2463 XLII
306 2442 326 2472 3
350 2432 472 2463 laberis
490 2431 539 2463 CA
