1648 2729
709 128 1178 166 EPIGRAMMATON
1210 128 1264 165 LI
1272 129 1314 165 B.

94 240 215 295 diligo
246 246 539 290 praestantem3
576 251 658 276 non
687 238 766 285 odi,
799 237 940 285 Cinna,
971 245 1206 288 negantem:

149 306 219 344 sed
249 312 290 343 tu
321 318 395 343 nec
425 311 597 355 praestas
627 317 702 342 nec
731 302 821 350 cito,
853 303 995 350 Cinna,
1027 316 1156 353 negas.

638 376 777 412 XLIV

98 440 297 480 Maximus
327 440 391 479 ille
421 448 521 487 tuus,
554 439 685 486 Ovidi,
717 438 936 479 Caesonius
967 439 1030 477 hic
1060 446 1130 486 est,

150 506 262 545 cuius
291 507 424 545 adhuc
452 507 605 544 vultum
634 504 765 543 vivida
794 518 884 543 cera
912 511 1031 543 tenet.

98 574 204 611 hunc
235 573 342 610 Nero
372 569 601 610 damnavit:
640 571 711 608 sed
741 577 783 608 tu
813 570 1002 608 damnare
1033 570 1235 608 Neronem

151 650 270 676 ausus
299 650 340 675 es
371 643 409 675 et
438 634 604 686 profugi,
636 648 717 673 non
747 642 825 681 tua,
857 635 935 672 fata
964 633 1098 684 sequi:

97 715 270 753 aequora
298 715 367 752 per
396 702 548 751 Scyllae
577 713 743 750 magnus
773 713 907 738 comes
937 699 1060 738 exulis
1090 698 1163 746 isti,

153 767 221 818 qui
251 768 373 805 modo
402 768 584 805 nolueras
615 764 787 804 consulis
817 764 871 803 ire
901 778 1046 804 comes.

100 832 140 872 Si
169 832 319 871 victura
348 831 446 870 meis
476 832 716 869 mandantur
745 830 908 868 nomina
937 829 1080 869 chartis

154 905 192 937 et
221 899 278 936 fas
307 905 366 936 est
395 896 516 935 cineri
546 910 609 935 me
639 909 842 946 superesse
873 909 986 934 meo:

99 962 234 1002 audiet
262 964 340 1001 hoe
368 975 554 1013 praesens
583 969 827 1010 venturaque
856 961 971 999 turba
999 960 1118 998 fuisse

154 1028 208 1066 illi
239 1036 290 1076 te,
320 1029 494 1067 Senecae
524 1028 633 1077 quod
662 1026 735 1065 fuit
764 1026 828 1064 ille
858 1040 940 1064 suo.

661 1115 775 1152 XLV

212 1180 391 1220 Facundi
420 1181 596 1219 Senecae
625 1186 766 1229 potens
795 1177 958 1225 amicus,

210 1260 301 1286 caro
331 1245 531 1296 proximus
561 1252 629 1283 aut
657 1243 763 1294 prior
789 1245 953 1292 Sereno,

211 1311 276 1350 hic
305 1319 364 1350 est
394 1310 594 1349 Maximus
624 1309 698 1357 ille,
731 1322 851 1359 quem
881 1308 1076 1359 frequenti

211 1376 302 1415 felix
331 1376 459 1415 littera
486 1375 630 1426 pagina
659 1376 811 1413 salutat.

212 1444 319 1481 hunc
348 1449 390 1480 tu
420 1455 488 1491 per
517 1440 668 1479 Siculas
697 1447 855 1479 secutus
877 1440 1025 1486 undas,

213 1522 237 1547 o
267 1507 394 1554 nullis,
427 1506 558 1553 Ovidi,
591 1506 759 1544 tacende
788 1504 942 1555 linguis,

213 1572 392 1623 sprevisti
420 1571 574 1611 domini
601 1571 765 1610 furentis
795 1570 880 1609 iras.

216 1638 383 1677 Miretur
413 1639 589 1688 Pyladen
619 1650 734 1675 suum
764 1643 949 1682 vetustas,

214 1703 340 1742 haesit
369 1703 437 1754 qui
466 1716 600 1741 comes
630 1701 733 1741 exuli
762 1701 945 1752 parentis.

215 1769 302 1820 quis
332 1768 560 1807 discrimina
588 1775 777 1818 conparet
806 1767 1009 1806 duorum?

216 1833 375 1873 haesisti
405 1847 539 1873 comes
569 1833 672 1872 exuli
702 1832 884 1871 Neronis.

597 1941 601 1943 <
653 1922 788 1959 XLVI

110 1988 406 2028 Commendare
435 1994 548 2025 tuum
579 1987 676 2025 dum
705 1985 762 2024 vis
793 1984 890 2023 mihi
919 1983 1093 2023 carmine
1124 1996 1268 2021 munus

166 2052 437 2102 Maeonioque
466 2051 577 2101 cupis
607 2050 763 2090 doctius
793 2064 860 2089 ore
894 2048 1014 2099 loqui,

111 2118 310 2158 excrucias
341 2116 473 2156 multis
502 2116 645 2168 pariter
674 2130 738 2155 me
767 2120 885 2166 teque
915 2114 1067 2162 diebus,

166 2192 205 2223 et
234 2191 301 2223 tua
330 2184 381 2222 de
410 2190 560 2230 nostro,
590 2181 734 2230 Prisce,
765 2180 908 2220 Thalia
937 2187 1051 2219 tacet.

157 2281 271 2313 XLIV
293 2292 313 2320 4
337 2291 439 2312 ausus
456 2281 526 2322 (ale.
548 2280 649 2316 -u’sffl
667 2284 703 2310 et
719 2290 786 2311 non
803 2290 836 2319 p.
858 2290 889 2311 n.
908 2278 964 2309 BA
1087 2286 1106 2315 5
1132 2286 1251 2307 manus
1265 2276 1319 2306 ΒΑ

1347 128 1428 164 VII

1404 1040 1441 1061 10

1409 1780 1447 1801 10

1433 2287 1450 2311 7

114 2326 150 2357 Si
167 2325 242 2357 Ital.
258 2337 266 2356 ι
289 2325 346 2356 Sic
362 2325 450 2356 codd.
549 2324 644 2355 XLV
668 2334 688 2354 2
711 2334 777 2355 om.
797 2323 854 2352 BA
920 2325 940 2353 6
956 2332 976 2352 o
994 2321 1065 2352 nul.
1084 2320 1169 2362 Ov.]
1189 2331 1209 2351 o
1227 2319 1311 2350 nulli
1329 2320 1380 2351 uis
1396 2320 1451 2350 BA

113 2380 135 2410 9
157 2380 244 2408 quae
261 2379 289 2401 c.
309 2369 418 2400 exulis
434 2367 490 2400 BA
619 2378 656 2399 11
683 2378 748 2398 om.
768 2366 825 2398 BA
843 2367 939 2407 (fort.
956 2368 1086 2396 secutus
1100 2368 1169 2395 erat
1184 2374 1316 2395 versum
1333 2364 1370 2404 9)

159 2413 270 2445 XLVI
295 2413 370 2444 hab.
389 2413 421 2444 R
510 2423 529 2451 4
555 2416 589 2443 et
606 2412 691 2444 uade
708 2411 764 2442 ΒΑ
852 2410 945 2452 pisce
963 2409 1018 2440 ΒΑ
1104 2408 1216 2449 placet
1232 2406 1288 2439 BA
