1648 2729
723 170 983 208 EPIGRAM
992 171 1195 209 MATON
1228 171 1280 208 LI
1289 172 1330 208 B.
1366 171 1423 208 IX

86 279 233 319 deinde
261 282 422 319 haerere
451 287 521 319 tuo
550 280 671 328 lateri,
703 282 939 330 praecedere
969 284 1115 330 sellam,

140 347 191 384 ad
221 346 359 385 viduas
389 354 522 384 tecum
552 348 640 396 plus
670 346 801 385 minus
831 346 885 385 ire
914 348 1067 386 decern.

87 411 196 449 Trita
225 410 388 461 quidem
418 411 534 450 nobis
564 413 698 461 togula
727 420 785 450 est
815 411 981 462 vilisque
1009 420 1227 463 vetusque:
1409 431 1425 460 5

140 478 296 516 denaris
326 484 459 515 tamen
489 478 593 515 hanc
622 491 703 516 non
733 491 835 525 emo,
869 479 1000 525 Basse,
1033 478 1167 517 tribus.

619 589 674 628 CI

86 664 228 716 Appia,
259 677 379 715 quam
409 664 526 704 simili
554 667 802 704 venerandus
832 665 872 704 in
903 668 1079 705 Hercule
1110 668 1255 706 Caesar

141 737 357 778 consecrat,
390 730 593 769 Ausoniae
623 730 794 769 maxima
824 733 928 770 fama
956 731 1053 780 viae,

87 795 117 833 si
148 794 259 845 cupis
288 794 455 833 Alcidae
485 808 724 845 cognoscere
753 796 855 834 facta
883 795 1031 846 prioris,

140 859 275 898 disce:
315 859 445 910 Libyn
474 860 629 899 domuit
658 874 821 911 raraque
851 875 971 911 poma
1000 861 1098 909 tulit,

86 927 274 975 peltatam
305 925 491 974 Scythico
520 925 704 964 discinxit
732 928 938 965 Amazona
966 928 1086 974 nodo,

140 990 296 1029 addidit
324 991 498 1029 Arcadio
527 999 634 1042 terga
662 991 787 1030 leonis
816 1005 922 1042 apro,

86 1056 312 1106 aeripedem
343 1056 448 1095 silvis
479 1070 649 1105 cervum,
681 1057 975 1108 Stymphalidas
1004 1057 1115 1096 astris

141 1121 313 1169 abstulit,
345 1136 367 1160 a
396 1122 528 1172 Stygia
557 1136 648 1161 cum
678 1137 777 1161 cane
806 1123 913 1162 venit
941 1137 1055 1173 aqua,

87 1188 301 1226 fecundam
330 1187 453 1226 vetuit
483 1187 652 1238 reparari
683 1188 875 1227 mortibus
905 1190 1083 1238 hydram,

143 1252 360 1303 Hesperias
389 1255 524 1292 Tusco
554 1253 647 1292 lavit
676 1253 716 1292 in
746 1268 864 1292 amne
894 1254 1027 1293 boves.
1392 1271 1430 1292 10

90 1320 205 1357 Haec
235 1318 365 1357 minor
394 1318 583 1357 Alcides:
623 1318 747 1358 maior
777 1333 878 1369 quae
907 1319 1069 1369 gesserit
1097 1320 1203 1367 audi,

142 1392 274 1422 sextus
303 1384 355 1422 ab
384 1385 543 1422 Albana
572 1398 691 1435 quem
722 1385 816 1423 colit
845 1399 934 1424 arce
963 1385 1072 1436 lapis.

87 1450 261 1489 adseruit
290 1463 472 1500 possessa
502 1450 614 1488 malis
646 1450 795 1489 Palatia
824 1451 967 1501 regnis,

143 1515 269 1565 prima
299 1529 371 1554 suo
400 1516 519 1567 gessit
548 1530 619 1567 pro
650 1518 746 1555 Iove
776 1517 879 1555 bella
909 1530 1005 1566 puer
1022 1531 1032 1565 ,·

89 1582 196 1619 solus
227 1583 358 1620 Iuleas
389 1596 480 1620 cum
510 1582 587 1620 iam
618 1582 801 1621 retineret
830 1583 1018 1629 habenas,
1392 1599 1428 1630 15

143 1645 304 1685 tradidit
333 1646 454 1697 inque
485 1661 557 1686 suo
586 1647 723 1686 tertius
753 1648 848 1686 orbe
879 1647 977 1695 fuit3

89 1724 238 1750 cornua
267 1712 473 1750 Sarmatici
504 1720 561 1752 ter
590 1714 740 1763 perfida
770 1713 952 1752 contudit
989 1712 1126 1760 Histri,

144 1778 355 1816 sudantem
386 1778 526 1817 Getica
555 1786 613 1817 ter
642 1778 731 1817 nive
761 1778 854 1817 lavit
883 1793 1060 1829 equum,

89 1855 208 1893 saepe
238 1851 438 1882 recusatos
468 1858 609 1894 parcus
640 1844 798 1883 duxisse
827 1844 1050 1895 triumphos

142 1907 268 1946 victor
298 1909 562 1958 Hyperboreo
592 1923 740 1947 nomen
769 1910 821 1948 ab
850 1910 946 1948 orbe
976 1909 1064 1947 tulit
1081 1923 1091 1957 3
1393 1927 1432 1948 20

89 1974 238 2023 templa
266 1972 362 2020 deis,
394 1987 523 2012 mores
552 1974 709 2024 populis
739 1974 860 2022 dedit,
893 1974 973 2012 otia
1000 1975 1112 2021 ferro,

144 2046 247 2077 astra
277 2038 370 2087 suis,
400 2040 511 2078 caelo
541 2039 680 2087 sidera,
712 2047 813 2078 serta
844 2039 941 2078 Iovi.

135 2143 162 2174 C
187 2154 207 2182 4
231 2143 351 2175 uiduas
372 2142 443 2174 BA:
467 2144 601 2174 uetulas
620 2143 669 2174 CA
860 2154 879 2183 5
904 2149 1070 2184 uetusque
1087 2144 1164 2177 BA:
1190 2145 1365 2186 putrisque
1384 2145 1432 2176 CA

92 2189 114 2218 6
138 2197 205 2217 non
223 2197 289 2218 om.
312 2187 362 2218 CA
583 2187 627 2218 CI
656 2198 669 2218 1
696 2188 729 2218 in
747 2198 812 2219 om.
844 2188 893 2218 CA
1027 2198 1047 2227 3
1070 2189 1098 2219 si
1125 2187 1223 2226 (EA)
1242 2190 1292 2220 vel
1312 2190 1361 2220 sic
1384 2189 1432 2220 CA

91 2242 111 2269 4
129 2241 272 2270 raraque
288 2230 345 2261 BA
361 2242 368 2262 :
392 2241 496 2262 aurea
514 2231 563 2273 CA
654 2242 670 2270 7
696 2242 830 2262 ceruam
845 2232 920 2263 Ital.
1012 2234 1031 2263 8
1054 2243 1073 2263 a
1088 2232 1145 2262 ΒΑ
1162 2245 1168 2263 :
1191 2233 1234 2263 ab
1253 2232 1303 2264 CA
1395 2243 1434 2263 10

90 2275 112 2306 l.
133 2285 257 2305 namne
274 2275 379 2305 nobes
398 2276 432 2315 (i.
449 2286 471 2306 e.
490 2275 580 2314 bow)
603 2275 653 2306 CA
670 2279 708 2307 ut
722 2275 785 2307 vid.
895 2285 934 2315 13
958 2276 1098 2307 adserut
1118 2276 1168 2307 CA
1275 2286 1312 2315 15
1336 2277 1433 2308 iulias

94 2318 142 2349 CA
232 2318 381 2351 harenas
398 2318 448 2350 CA
570 2320 609 2350 16
633 2330 691 2350 ore
711 2319 761 2350 CA
882 2330 919 2359 17
945 2325 997 2350 ter
1013 2331 1080 2350 om.
1102 2320 1151 2350 CA
1226 2321 1369 2359 perfidia
1384 2321 1433 2351 CA

93 2362 245 2393 condidit
262 2362 311 2393 CA
462 2363 501 2393 18
525 2364 664 2404 equum]
683 2374 770 2403 aqua
789 2363 838 2393 CA
993 2374 1032 2402 19
1057 2369 1171 2403 partos
1190 2363 1238 2394 CA
1392 2375 1434 2395 20

93 2406 135 2436 ab
152 2405 250 2446 orbe]
268 2406 330 2436 abe
350 2405 400 2436 CA
418 2406 494 2446 (per
507 2407 673 2448 haplogr.)
776 2417 815 2437 21
841 2407 978 2447 populis
993 2407 1072 2439 BA:
1097 2407 1225 2448 populo
1244 2408 1293 2439 CA
1393 2419 1435 2439 22

93 2449 221 2490 templa
236 2449 292 2479 BA
313 2450 366 2491 (cf.
386 2460 414 2482 v.
435 2453 512 2493 21):
537 2455 628 2482 serta
647 2450 694 2481 CA
