1648 2729
785 178 1253 218 EPIGRAMMATON
1285 180 1387 218 LIB.
1423 181 1439 218 Ι

215 295 398 338 optamus
427 286 499 333 tibi
530 287 667 335 milies,
700 289 860 327 Calene.

215 354 291 391 hoc
322 352 352 391 si
383 352 599 403 contigerit,
631 354 735 392 fame
764 353 919 402 peribis.

652 457 685 496 C

108 529 305 566 Mammas
334 535 453 578 atque
483 534 581 566 tatas
611 527 731 566 habet
760 528 866 574 Afra,
897 529 968 566 sed
997 527 1081 578 ipsa
1110 535 1276 567 tatarum

160 592 237 632 dici
267 600 305 632 et
335 606 596 631 mammarum
627 592 797 631 maxima
827 607 999 631 mamma
1027 601 1168 644 potest.

636 699 692 739 CI

107 770 180 807 Illa
209 782 349 807 manus
379 769 583 818 quondam
614 768 833 807 studiorum
864 770 943 807 fida
973 783 1151 808 meorum

161 841 198 872 et
228 833 318 872 felix
347 833 513 872 domino
542 842 716 884 notaque
746 834 993 881 Caesaribus,

107 899 284 938 destituit
313 899 461 949 primos
490 898 623 938 viridis
655 899 880 938 Demetrius
909 913 1062 938 annos:

160 972 298 1015 quarta
327 964 449 1002 tribus
479 964 608 1002 lustris
637 964 774 1003 addita
802 964 940 1003 messis
970 972 1061 1002 erat.

106 1044 156 1069 ne
186 1038 319 1068 tamen
348 1031 399 1068 ad
430 1029 580 1079 Stygias
610 1031 780 1068 famulus
810 1031 1070 1068 descenderet
1099 1031 1271 1078 umbras,
1425 1047 1441 1077 5

160 1103 288 1134 ureret
317 1094 539 1145 inplicitum
570 1108 661 1133 cum
693 1096 880 1133 scelerata
910 1096 1004 1141 lues,

107 1161 282 1199 cavimus
313 1168 350 1199 et
380 1159 534 1199 domini
564 1159 624 1198 ius
654 1173 774 1199 omne
802 1159 1026 1198 remisimus
1055 1174 1198 1211 aegro:

160 1239 324 1265 munere
354 1225 496 1276 dignus
526 1233 608 1264 erat
637 1225 884 1264 convaluisse
913 1239 1015 1264 meo.

107 1291 227 1331 sensit
256 1291 445 1331 deficiens
476 1305 545 1330 sua
574 1291 748 1341 praemia
776 1304 921 1341 meque
950 1298 1160 1342 patronum

160 1357 256 1396 dixit
284 1359 335 1396 ad
365 1356 535 1395 infernas
565 1357 663 1395 liber
691 1356 814 1395 iturus
843 1370 975 1407 aquas.
1405 1374 1444 1395 10

622 1462 702 1501 CII

216 1527 295 1577 Qui
325 1526 450 1577 pinxit
480 1528 677 1565 Venerem
708 1534 827 1573 tuam,
861 1526 1012 1576 Lycori‚

216 1592 428 1640 blanditus,
460 1599 568 1643 puto,
600 1591 728 1642 pictor
757 1600 815 1631 est
847 1592 1061 1631 Minervae.

611 1697 714 1735 CIII

110 1761 174 1800 ‘Si
204 1761 384 1800 dederint
414 1760 543 1811 superi
573 1761 705 1800 decies
735 1761 831 1799 mihi
862 1761 968 1799 milia
996 1769 1157 1800 centum
1175 1763 1183 1778 ⁷

163 1826 324 1865 dicebas
353 1827 546 1874 nondum,
579 1828 778 1874 Scaevola,
811 1826 935 1865 iustus
965 1840 1098 1876 eques,

110 1891 296 1942 ‘qualiter
324 1905 348 1930 O
377 1891 515 1938 vivam,
549 1905 668 1942 quam
697 1894 802 1942 large
831 1905 1031 1942 quamque
1061 1893 1176 1931 beate
1195 1892 1227 1930 1’

164 1957 351 1996 Riserunt
381 1957 514 1995 faciles
544 1964 582 1995 et
611 1957 782 1995 tribuere
812 1957 887 1995 dei.

107 2021 302 2061 sordidior
331 2023 457 2060 multo
486 2029 575 2072 post
604 2023 682 2060 hoc
712 2029 813 2072 toga,
846 2024 1016 2071 paenula
1044 2022 1164 2072 peior,
1428 2041 1444 2069 5

161 2089 316 2126 calceus
346 2095 405 2126 est
434 2095 536 2125 sarta
564 2094 701 2136 terque
731 2094 948 2137 quaterque
977 2095 1092 2126 cute:

109 2154 240 2202 deque
270 2154 409 2191 decem
440 2154 571 2203 plures
601 2166 757 2202 semper
785 2159 988 2191 servantur
1017 2153 1154 2200 olivae,

162 2217 330 2268 explicat
359 2225 397 2256 et
427 2231 545 2262 cenas
574 2217 692 2255 unica
721 2230 858 2255 mensa
887 2218 997 2265 duas,

156 2331 192 2359 17
219 2324 375 2360 optamus
392 2320 527 2351 AACA:
552 2325 708 2360 optemus
724 2321 780 2351 ΒΑ
1227 2321 1253 2352 C
1278 2321 1351 2353 hab.
1378 2322 1407 2352 T

153 2365 196 2394 Cl
223 2374 242 2402 3
266 2364 396 2405 viridis]
415 2365 611 2404 uiridesque
630 2364 680 2395 CA
813 2374 830 2404 7
855 2364 976 2404 aegro]
996 2374 1079 2402 ergo
1095 2364 1149 2394 ΒΑ

154 2408 234 2439 Clll
261 2419 279 2446 4
303 2408 471 2439 Aiserunt
491 2408 540 2439 CA
558 2408 742 2448 (Miserunt
759 2407 823 2449 Αἵ)
969 2409 990 2437 6
1014 2413 1047 2438 et
1063 2408 1223 2439 Heinsius
1326 2414 1446 2449 terque

109 2456 298 2491 quaterque
315 2452 369 2481 ΒΑ
385 2463 392 2482 :
418 2452 535 2491 bisque
552 2456 741 2491 quaterque
761 2451 809 2482 CA
917 2462 933 2490 7
960 2452 1019 2482 tibi
1037 2462 1125 2482 nunc
1142 2452 1197 2482 BA
1213 2464 1220 2483 :
1243 2462 1379 2493 semper
1398 2454 1445 2483 CA

1318 2508 1356 2538 3*
