1648 2729
405 493 475 539 M.
526 493 685 540 VAL.
740 493 1155 541 MARTIALIS

475 621 1087 671 EPIGRAMMATON

646 764 819 800 LIBER
859 764 919 801 IV

730 891 748 928 I

180 962 387 999 CAESARIS
416 962 520 998 alma
549 960 632 999 dies
663 968 701 999 et
730 963 818 1000 luce
847 962 1033 1000 sacratior
1061 962 1126 1000 illa

233 1025 393 1063 conscia
425 1025 635 1064 Dictaeum
665 1040 744 1076 qua
773 1026 859 1065 tulit
890 1028 964 1066 Ida
994 1029 1143 1075 Iovem,

180 1092 307 1139 longa,
339 1104 486 1141 precor,
520 1091 711 1141 Pylioque
740 1092 830 1130 veni
859 1093 1105 1131 numerosior
1133 1106 1231 1131 aevo

235 1169 390 1206 semper
418 1164 456 1194 et
486 1158 563 1195 hoc
592 1158 701 1195 voltu
731 1159 793 1195 vel
823 1157 984 1196 meliore
1015 1158 1106 1196 nite.

181 1222 243 1260 hic
274 1223 377 1260 colat
406 1222 565 1261 Albano
595 1222 804 1261 Tritonida
833 1225 979 1261 multus
1009 1223 1049 1261 in
1078 1237 1174 1262 auro

233 1300 381 1337 perque
412 1301 551 1325 manus
581 1295 708 1326 tantas
738 1288 905 1338 plurima
934 1303 1102 1339 quercus
1131 1297 1193 1328 eat
1207 1303 1218 1337 3

180 1352 243 1390 hic
273 1354 377 1390 colat
406 1352 555 1402 ingenti
584 1353 791 1392 redeuntia
818 1356 975 1392 saecula
1004 1356 1126 1393 lustro

234 1425 272 1455 et
302 1431 403 1467 quae
434 1419 655 1456 Romuleus
684 1432 794 1457 sacra
822 1421 1016 1458 Tarentos
1047 1420 1177 1458 habet.

183 1485 331 1533 Magna
360 1483 534 1533 quidem,
566 1484 707 1534 superi,
740 1485 910 1534 petimus
941 1487 1011 1524 sed
1041 1485 1176 1524 debita
1205 1485 1338 1524 terris:

234 1562 304 1598 pro
334 1557 444 1587 tanto
474 1563 576 1599 quae
605 1558 697 1587 sunt
727 1550 894 1599 inproba
923 1558 1014 1589 vota
1043 1552 1149 1589 deo?

718 1649 759 1686 ΙΙ

287 1718 499 1767 Spectabat
529 1719 650 1756 modo
680 1720 786 1757 solus
814 1718 915 1757 inter
943 1733 1082 1758 omnes

287 1782 404 1832 nigris
436 1797 579 1821 munus
611 1783 801 1822 Horatius
831 1784 1010 1832 lacernis,

287 1861 377 1886 cum
408 1849 519 1898 plebs
549 1856 587 1887 et
616 1849 745 1887 minor
773 1850 871 1888 ordo
902 1849 1174 1900 maximusque

288 1921 425 1951 sancto
454 1927 545 1952 curn
576 1915 678 1952 duce
707 1914 901 1953 candidus
932 1916 1096 1954 sederet.

287 1979 391 2016 Toto
421 1978 487 2016 nix
515 1979 658 2017 cecidit
688 1987 849 2029 repente
877 1981 1011 2019 caelo:

286 2043 384 2081 albis
414 2051 565 2093 spectat
596 2044 788 2083 Horatius
817 2044 992 2083 lacernis.

705 2145 771 2181 ΙΙΙ

178 2212 324 2262 Aspice
354 2226 473 2262 quam
503 2214 672 2251 densum
703 2214 908 2252 tacitarum
938 2216 1062 2253 vellus
1091 2227 1282 2264 aquarum

232 2279 379 2316 defluat
408 2277 448 2315 in
478 2280 606 2316 voltus
637 2279 814 2318 Caesaris
844 2279 964 2330 inque
994 2279 1112 2318 sinus.

332 2381 344 2411 I
369 2391 388 2420 3
414 2382 487 2412 aevi
508 2381 556 2412 CA
654 2393 675 2421 9
698 2382 776 2423 sed]
795 2388 829 2414 et
847 2383 895 2413 CA
1093 2383 1124 2413 11
1153 2393 1166 2413 1
1195 2383 1315 2414 modos
1336 2382 1382 2414 CA
