1648 2729
161 124 215 160 M.
248 93 370 160 VAL
404 124 718 162 MARTIALIS

160 237 213 273 At
242 243 284 273 tu
314 236 389 274 sub
417 236 514 274 urbe
543 235 724 287 possides
754 238 901 275 famem
931 238 1122 276 mundam
1450 254 1491 286 45

157 307 195 338 et
225 308 328 339 turre
357 302 408 340 ab
436 303 514 339 alta
542 301 733 352 prospicis
763 316 888 340 meras
917 304 1060 350 laurus,

159 366 283 404 furem
314 366 456 416 Priapo
486 380 567 405 non
597 367 762 406 timente
791 381 951 406 securus
967 383 977 416 3

158 438 196 468 et
226 431 433 470 vinitorem
464 433 562 470 farre
591 432 718 482 pascis
748 433 900 471 urbano

158 496 386 546 pictamque
415 504 546 547 portas
575 497 725 536 otiosus
754 499 804 536 ad
834 497 967 536 villam

159 563 285 608 holus,
317 575 402 609 ova,
434 564 574 612 pullos,
605 576 735 613 poma,
768 577 938 610 caseum,
971 570 1158 602 mustum.
1454 581 1496 613 50

161 628 244 665 Rus
274 628 351 666 hoc
380 627 511 666 vocari
541 629 672 675 debet,
703 642 754 667 an
784 630 929 667 domus
958 630 1105 678 longe?

670 712 767 749 LIX

159 777 275 813 Sutor
304 777 423 814 cerdo
453 775 564 814 dedit
593 775 675 823 tibi,
708 778 814 814 culta
844 776 1037 824 Bononia,
1070 790 1224 823 munus,

211 841 308 878 fullo
339 840 449 879 dedit
481 840 686 880 Mutinae:
726 856 833 880 nunc
863 841 932 880 ubi
962 855 1065 892 copo
1095 842 1237 881 dabit?

678 925 752 961 LX

159 990 261 1028 Cum
292 1002 410 1027 vocer
438 990 489 1027 ad
519 1000 659 1027 cenam
689 1003 771 1028 non
801 989 878 1027 iam
908 989 1057 1028 venalis
1087 997 1129 1028 ut
1158 997 1261 1037 ante,

211 1067 279 1092 cur
309 1054 405 1091 mihi
435 1068 515 1092 non
546 1055 686 1092 eadem
717 1068 818 1104 quae
848 1054 919 1093 tibi
949 1068 1048 1093 cena
1077 1057 1223 1094 datur?

157 1128 285 1158 ostrea
314 1127 355 1157 tu
386 1120 507 1158 sumis
539 1127 678 1169 stagno
708 1128 880 1158 saturata
909 1120 1092 1167 Lucrino,

210 1183 359 1234 sugitur
388 1183 513 1222 inciso
543 1184 703 1223 mitulus
734 1199 800 1223 ore
830 1185 951 1223 mihi:

156 1258 246 1287 sunt
276 1249 347 1288 tibi
378 1249 510 1297 boleti,
541 1251 682 1299 fungos
713 1264 786 1301 ego
816 1264 930 1289 sumo
960 1251 1121 1289 suillos:
1473 1269 1490 1299 5

210 1328 269 1353 res
299 1315 370 1353 tibi
401 1328 491 1353 cum
522 1316 692 1354 rhombo
722 1324 791 1363 est,
823 1323 862 1354 at
892 1315 989 1354 mihi
1019 1330 1110 1354 cum
1140 1318 1308 1366 sparulo.

155 1393 296 1419 aureus
326 1380 537 1419 inmodicis
567 1388 694 1419 turtur
723 1389 761 1420 te
791 1381 974 1420 clunibus
1004 1381 1153 1432 implet,

210 1445 369 1495 ponitur
398 1446 438 1484 in
468 1460 588 1485 cavea
617 1454 772 1485 mortua
800 1447 890 1498 pica
919 1447 1026 1485 mihi.

156 1524 224 1548 cur
254 1511 337 1549 sine
367 1519 405 1550 te
435 1525 535 1550 ceno
565 1525 656 1550 cum
687 1519 830 1559 tecum,
864 1512 1040 1559 Pontice,
1073 1515 1243 1551 cenem?

209 1578 384 1625 sportula
413 1577 522 1626 quod
552 1590 633 1615 non
663 1584 721 1615 est
750 1577 897 1627 prosit:
937 1578 1102 1616 edamus
1131 1577 1249 1616 idem.
1453 1595 1491 1616 ιο

667 1661 762 1697 LXI

158 1726 255 1762 Esse
286 1723 383 1762 nihil
412 1723 509 1762 dicis
540 1724 736 1774 quidquid
765 1725 877 1775 petis,
908 1724 1075 1775 inprobe
1105 1724 1258 1764 Cinna:

209 1789 240 1826 si
271 1789 335 1835 nil,
369 1789 509 1836 Cinna,
541 1789 651 1839 petis,
684 1789 739 1828 nil
769 1790 851 1837 tibi,
885 1790 1026 1837 Cinna,
1058 1804 1170 1840 nego.

654 1873 773 1910 LXII

156 1936 345 1975 Centenis
376 1937 484 1986 quod
514 1936 611 1975 emis
640 1951 783 1987 pueros
813 1945 851 1976 et
880 1951 997 1988 saepe
1027 1937 1202 1984 ducenis,

209 2002 318 2051 quod
348 2002 422 2039 sub
451 2015 540 2052 rege
570 2004 705 2041 Numa
733 2003 895 2042 condita
923 2003 1014 2041 vina
1042 2003 1156 2049 bibis,

201 2104 310 2136 LVIII
337 2107 379 2144 46
398 2116 508 2136 moras
527 2106 576 2137 CA
591 2106 626 2147 (ο
639 2112 701 2147 pro
712 2108 745 2141 e}
853 2118 894 2146 47
919 2118 1035 2138 eurem
1049 2107 1097 2138 CA
1109 2108 1222 2148 (Epro
1236 2108 1278 2148 F)
1336 2107 1488 2138 timentis

156 2150 207 2179 BA
285 2151 326 2187 48
344 2150 490 2179 uinitore
506 2150 553 2180 CA
604 2151 775 2189 pascentis
786 2151 842 2180 BA
854 2152 907 2192 (cf
922 2151 969 2182 ad
979 2153 1119 2182 timente
1137 2163 1166 2182 v.
1181 2158 1237 2190 47)
1295 2151 1424 2182 urbane
1440 2152 1486 2183 CA

158 2198 190 2232 [e
201 2199 264 2233 pro
281 2204 314 2223 οἸ
406 2203 448 2231 50
473 2204 592 2224 caseus
609 2198 646 2224 ut
660 2194 724 2226 vid.
742 2194 790 2225 CA
878 2205 917 2234 51
943 2196 1060 2225 uocari
1074 2196 1177 2226 debet
1190 2195 1263 2227 BA:
1285 2200 1426 2225 uocatur
1440 2195 1488 2226 CA

199 2237 279 2267 LIX
302 2237 375 2267 lmh.
400 2236 430 2267 T
557 2249 576 2268 2
599 2238 659 2268 tibi
677 2249 783 2278 caupo
806 2239 836 2269 T

202 2281 260 2310 LX
285 2281 357 2311 hab.
379 2280 409 2310 T
493 2290 508 2311 1
530 2282 700 2311 uocerAA
712 2285 803 2320 (cum
813 2282 880 2312 Di:
902 2292 1010 2313 uocor
1022 2281 1127 2312 ΒΑζἈ
1187 2286 1252 2312 tam
1266 2281 1313 2312 CA
1328 2281 1372 2319 (T
1382 2286 1445 2323 pro
1457 2282 1486 2314 Ι)

155 2335 172 2362 4
197 2325 332 2363 sugitur
348 2324 486 2354 ΑΑΒΑε
508 2326 651 2355 sumitur
669 2326 718 2356 CA
823 2336 842 2365 5
869 2327 1010 2365 pusillos.
1021 2326 1156 2355 AABA:
1180 2326 1302 2356 suillos
1319 2325 1369 2356 CA
1466 2327 1488 2355 6

156 2368 203 2397 :tel
216 2369 389 2398 rhombost
434 2372 467 2398 at
481 2368 591 2399 AACA
607 2380 613 2400 :
637 2374 671 2400 et
683 2369 738 2400 BA
829 2380 868 2400 10
887 2380 973 2409 quae
989 2369 1240 2410 T(cts0ff.AA›
1253 2381 1260 2400 ι
1275 2370 1366 2408 quod
1379 2368 1487 2399 ΒΑίᾺ

202 2411 277 2441 LXI
302 2411 375 2443 lmh.
397 2411 429 2441 R
1200 2412 1297 2443 LXII
1321 2413 1394 2444 hab.
1418 2412 1448 2442 T
