1648 2729
196 103 253 140 M.
284 103 321 139 V
323 102 408 140 AL.
440 103 755 142 MARTIALIS

194 215 249 253 sic
279 215 361 254 fora
390 214 589 264 mirentur,
621 215 677 255 sic
706 223 744 255 te
774 216 923 256 Palatia
951 219 1125 266 laudent,
1509 236 1526 267 5

247 282 400 319 excolat
428 288 467 319 et
495 280 671 331 geminas
700 282 869 332 plurima
896 284 1027 333 palma
1055 284 1184 322 fores:

194 345 274 384 otia
302 346 399 384 dum
429 345 584 385 medius
613 354 783 397 praestat
812 347 883 387 tibi
912 362 1031 399 parva
1061 349 1295 397 December,

248 410 368 461 exige,
399 412 470 449 sed
499 418 614 459 certa,
647 425 746 462 quos
775 412 882 463 legis,
913 427 1006 452 aure
1039 413 1160 453 iocos.

197 475 324 514 ‘Scire
352 475 448 514 libet
477 479 644 515 verum?
679 491 738 516 res
767 485 826 517 est
855 480 954 517 haec
981 480 1128 518 ardua.’
1185 481 1264 519 Sed
1293 487 1335 518 tu

246 542 356 591 quod
384 540 455 579 tibi
484 541 541 580 vis
570 542 648 581 dici
678 542 820 590 dicere,
853 545 990 592 Fusce,
1021 552 1144 595 potes.
1488 562 1528 584 10

677 643 816 680 XXXI

302 723 463 760 Raucae
492 721 638 760 chortis
666 736 758 761 aves
787 730 825 762 et
854 736 929 762 ova
958 731 1126 763 matrum

299 794 338 825 et
366 788 485 825 flavas
514 787 648 826 medio
676 801 821 839 vapore
850 788 971 828 Chias

301 860 340 890 et
368 853 491 891 fetum
523 854 710 902 querulae
739 855 879 893 rudem
909 856 1084 904 capellae

301 930 376 955 nec
403 916 481 955 iam
511 917 718 967 frigoribus
747 932 859 969 pares
888 919 1011 958 olivas

302 989 340 1020 et
369 995 513 1021 canum
542 982 681 1034 gelidis
710 985 826 1022 holus
856 983 1005 1034 pruinis
1509 1004 1526 1035 5

301 1048 351 1086 de
381 1055 516 1086 nostro
546 1047 616 1086 tibi
647 1048 765 1087 missa
793 1063 880 1088 rure
908 1049 1065 1088 credis?

301 1126 325 1150 o
355 1126 486 1162 quam,
519 1114 685 1163 Regule,
714 1113 919 1165 diligenter
947 1118 1076 1153 erras!

301 1177 355 1215 nil
384 1177 519 1225 nostri,
551 1178 625 1216 nisi
655 1192 732 1227 me,
762 1181 891 1218 ferunt
920 1179 1045 1230 agelli.

300 1241 497 1292 quidquid
525 1242 661 1282 vilicus
691 1244 843 1282 Vmber
870 1251 938 1282 aut
968 1246 1134 1283 colonus

298 1314 366 1346 aut
395 1321 459 1347 rus
489 1322 683 1347 marmore
711 1308 826 1348 tertio
857 1316 1036 1348 notatum
1487 1327 1525 1351 ιο

299 1380 366 1411 aut
395 1373 517 1412 Tusci
545 1373 617 1412 tibi
646 1374 859 1413 Tusculive
888 1374 1060 1422 mittunt,

300 1437 339 1476 id
371 1445 454 1477 tota
483 1437 580 1476 mihi
611 1438 785 1477 nascitur
814 1439 979 1478 Subura.

668 1543 830 1580 XXXII

191 1619 333 1668 Attice,
365 1622 560 1660 facundae
589 1636 753 1661 renovas
783 1623 850 1672 qui
881 1622 1044 1661 nomina
1071 1622 1198 1673 gentis

244 1699 319 1725 nec
348 1686 442 1725 sinis
471 1687 672 1737 ingentem
701 1688 939 1726 conticuisse
968 1690 1145 1735 domurn,

192 1759 229 1789 te
258 1751 323 1801 pia
352 1752 569 1803 Cecropiae
599 1752 808 1792 comitatur
837 1754 952 1792 turba
981 1752 1200 1801 Minervae,

245 1822 283 1854 te
312 1823 462 1855 secreta
491 1816 612 1866 quies,
646 1825 684 1856 te
713 1819 861 1869 sophos
891 1817 1021 1857 omnis
1049 1825 1166 1857 amat.

190 1889 228 1920 at
258 1881 419 1921 iuvenes
448 1882 545 1921 alios
575 1884 696 1922 fracta
725 1883 818 1922 colit
847 1897 940 1922 aure
969 1883 1153 1934 magister
1506 1901 1523 1933 5

244 1953 281 1985 et
310 1946 410 1998 rapit
438 1947 638 1987 inmeritas
667 1948 850 1987 sordidus
878 1956 1020 1987 unctor
1048 1962 1155 2000 opes.

234 2049 386 2080 XXVIII
407 2050 571 2114 {exiges
597 2055 630 2082 et
656 2050 705 2082 CA
730 2052 808 2093 (pro
832 2052 933 2092 exige
957 2057 1020 2085 set.
1040 2053 1091 2084 zze.
1120 2062 1149 2084 e.
1175 2052 1251 2092 sed)
1355 2054 1443 2093 quod
1468 2054 1520 2085 ΒΑ

192 2093 427 2168 ΙοΧΡΞΞέἓΙΞῒυξ).
447 2147 517 2177 1—3,
537 2138 601 2177 5-8
624 2138 698 2170 hab.
723 2138 753 2169 T
865 2149 885 2169 2
909 2144 943 2170 et
961 2139 1011 2179 ss.]
1029 2139 1147 2170 effluas
1165 2138 1214 2170 CA
1325 2145 1443 2171 uatore
1466 2140 1513 2171 CA

190 2190 208 2219 3
234 2181 346 2211 rodem
364 2180 420 2211 ΒΑ
579 2192 597 2219 4
622 2192 721 2222 paras
740 2182 787 2213 CA
942 2184 963 2214 6
987 2184 1183 2214 demonstro
1206 2183 1236 2213 T
1327 2183 1429 2214 missa
1445 2194 1524 2215 rure

191 2224 262 2254 AA:
287 2234 365 2254 rure
383 2225 485 2255 missa
502 2224 608 2256 BACA
742 2237 763 2265 9
786 2226 935 2257 Calenus
951 2226 1112 2257 Heinsius
1218 2237 1257 2257 10
1274 2231 1350 2266 post
1366 2237 1394 2258 v.
1418 2237 1452 2258 11
1474 2227 1521 2258 CA

191 2268 299 2307 (prius
308 2278 373 2298 om.
385 2268 761 2309 propterhomoeoarch.)
823 2275 972 2301 natatum
985 2274 1022 2301 ut
1032 2270 1094 2302 vid.
1111 2269 1161 2302 CA
1231 2280 1270 2301 12
1288 2270 1320 2300 in
1334 2270 1390 2301 ΒΑ
1404 2282 1411 2302 :
1429 2271 1461 2301 id
1475 2271 1523 2302 CA

233 2344 371 2375 XXXII
402 2355 414 2375 1
441 2351 583 2377 renouat
600 2346 649 2377 CA
767 2357 786 2386 3
811 2347 996 2378 mineruam
1012 2346 1068 2378 ΒΛ
1192 2358 1211 2387 4
1236 2322 1322 2387 ρὴὲἒ
1339 2346 1388 2379 CA
1406 2351 1443 2379 ut
1458 2348 1521 2380 vid.

190 2388 292 2427 (phos
309 2388 348 2427 E,
364 2389 492 2429 phosus
508 2389 552 2430 X,
571 2390 699 2431 sophos
716 2390 761 2431 A,
780 2391 903 2422 chorus
921 2391 962 2432 C)
1094 2401 1113 2430 5
1138 2391 1189 2433 at]
1208 2403 1226 2423 a
1245 2391 1294 2423 CA
