1648 2729
759 166 1229 204 EPIGRAMMATON
1262 166 1366 203 LIB.
1399 166 1434 202 X

207 290 245 320 et
275 295 386 332 quae,
419 294 509 319 cum
539 280 726 319 comitem
757 279 873 318 trahit
903 281 1107 329 pudorem,

207 361 362 397 semper
389 346 597 397 pauperior
624 345 724 384 redit
752 353 948 395 potestas:

207 412 297 451 felix
324 412 512 451 auriferae
540 413 682 451 colone
712 419 846 458 terrae,
1418 426 1434 456 5

209 486 399 516 rectorem
429 491 555 516 vacuo
585 476 673 515 sinu
703 476 877 515 remittes

208 543 444 594 optabisque
474 537 613 590 moras,
645 550 683 581 et
713 550 922 580 exeuntem

209 609 290 647 udo
321 610 505 646 Dalmata
533 607 679 658 gaudio
709 606 894 657 sequeris.

209 687 280 712 nos
311 674 455 720 Celtas,
489 675 638 721 Macer,
667 681 705 711 et
734 680 862 711 truces
893 671 1068 710 Hiberos

209 752 298 776 cum
330 737 528 776 desiderio
557 737 613 776 tui
642 745 833 788 petemus.
1401 750 1438 773 ιο

209 804 288 842 Sed
318 817 594 853 quaecumque
623 811 755 841 tamen
786 805 929 841 feretur
958 801 1064 840 illinc

209 868 353 918 piscosi
383 870 537 907 calamo
567 868 666 919 Tagi
696 876 841 915 notata,

212 935 392 972 Macrum
423 934 566 984 pagina
594 942 728 972 nostra
756 932 1002 973 nominabit:

210 999 266 1038 sic
295 999 396 1038 inter
424 1007 574 1037 veteres
604 1001 709 1050 legar
737 1008 885 1049 poetas,

211 1078 284 1103 nec
314 1066 459 1103 multos
489 1064 586 1102 mihi
614 1065 808 1115 praeferas
837 1063 995 1114 priores,
1404 1078 1438 1108 15

210 1144 291 1169 uno
321 1132 390 1169 sed
420 1130 491 1169 tibi
521 1130 594 1168 sim
625 1130 753 1169 minor
783 1131 952 1170 Catullo.

575 1215 750 1251 LXXIX

104 1280 168 1317 Ad
198 1278 370 1329 lapidem
399 1280 626 1328 Torquatus
656 1279 777 1317 habet
805 1276 998 1328 praetoria
1027 1284 1235 1327 quartum3

158 1345 209 1382 ad
239 1352 420 1394 quartum
451 1344 569 1382 breve
599 1357 662 1382 rus
692 1343 787 1382 emit
817 1342 1020 1382 Otacilius.

105 1411 330 1460 Torquatus
361 1409 505 1448 nitidas
534 1409 640 1447 vario
670 1410 720 1448 de
751 1422 944 1447 marmore
974 1409 1145 1446 thermas

159 1475 352 1523 extruxit;
390 1488 600 1513 cucumam
629 1474 722 1514 fecit
751 1473 954 1513 Otacilius.

108 1540 314 1591 Disposuit
343 1542 560 1591 daphnona
588 1553 660 1578 suo
689 1541 915 1589 Torquatus
945 1538 985 1577 in
1014 1552 1135 1589 agro;

161 1614 364 1645 castaneas
393 1614 554 1644 centum
583 1605 682 1643 sevit
711 1604 915 1644 Otacilius.

111 1673 286 1712 Consule
315 1674 521 1721 Torquato
550 1670 625 1709 vici
654 1670 728 1709 fuit
756 1670 821 1709 ille
850 1669 1044 1720 magister,

162 1750 243 1776 non
274 1736 403 1775 minor
431 1736 469 1774 in
500 1744 611 1775 tanto
638 1736 744 1774 visus
773 1737 924 1774 honore
952 1735 1038 1773 sibi.

111 1802 281 1841 Grandis
311 1810 353 1840 ut
382 1802 562 1852 exiguam
591 1802 664 1841 bos
694 1815 829 1840 ranam
859 1808 1015 1852 ruperat
1044 1799 1150 1846 olim,

164 1869 231 1916 sic,
262 1876 371 1919 puto,
402 1870 628 1918 Torquatus
658 1875 813 1918 rumpet
843 1866 1069 1907 Otacilium.
1408 1880 1446 1901 10

111 2024 243 2061 Plorat
273 2024 384 2069 Eros,
416 2021 600 2071 quotiens
630 2022 854 2059 maculosae
883 2021 1028 2070 pocula
1056 2031 1209 2057 murrae

164 2087 323 2139 inspicit
351 2095 418 2126 aut
447 2100 590 2137 pueros
619 2086 841 2125 nobiliusve
871 2085 1023 2132 citrum,

157 2175 339 2223 LXXVIII
364 2186 384 2214 3
409 2180 541 2205 etecum
558 2174 606 2205 CA
625 2186 632 2205 :
656 2179 690 2205 et
706 2184 822 2204 secum
839 2172 914 2203 Ital.
1015 2171 1101 2203 trahi
1120 2170 1174 2201 ΒΑ
1193 2171 1272 2210 <-hit
1291 2170 1357 2211 Qf)
1377 2171 1449 2210 (pro

196 2229 203 2244 ι

114 2254 234 2290 trahet,
255 2253 275 2284 i.
289 2264 312 2284 e.
332 2253 455 2291 trahet⁷
474 2263 552 2283 corr.
573 2252 677 2283 trahit
689 2252 712 2290 2)
732 2263 739 2282 :
763 2251 874 2280 trahet
889 2250 938 2281 CA
1096 2251 1116 2279 6
1141 2249 1286 2279 remittis
1300 2248 1374 2278 BA:
1398 2258 1449 2278 re-

114 2298 223 2329 mittet
241 2298 322 2337 (-tes
337 2296 373 2336 C,
389 2299 455 2334 etc.)
491 2296 539 2327 CA
648 2297 668 2326 8
692 2297 757 2325 uda
778 2294 827 2324 CA
926 2305 948 2333 9
976 2298 1086 2324 certas
1104 2292 1154 2323 CA
1256 2302 1289 2322 11
1315 2291 1383 2322 illic
1402 2292 1451 2323 CA

118 2352 155 2372 12
180 2342 264 2372 tacis
282 2340 331 2371 CA
424 2350 462 2379 15
487 2340 656 2379 praeferat
674 2339 724 2370 CA
887 2337 1037 2368 LXXIX
1061 2347 1081 2366 2
1105 2337 1210 2367 brebe
1230 2336 1278 2366 CA
1296 2336 1357 2376 (tle.
1377 2337 1449 2367 -uei

115 2396 131 2424 7
157 2385 276 2416 consul
295 2389 472 2423 torquatus
490 2384 539 2414 CA
673 2385 693 2413 8
718 2384 848 2413 minore
867 2382 916 2412 CA
935 2381 1007 2421 (sed
1023 2382 1133 2411 minor
1147 2380 1205 2411 X}
1338 2390 1359 2419 9
1383 2390 1451 2409 uox

116 2428 166 2459 CA
184 2430 263 2470 (pro
278 2429 356 2465 bos)
492 2439 531 2458 10
556 2432 690 2467 rumpet
706 2427 780 2458 BA:
808 2427 934 2465 rumpit
952 2425 999 2456 CA
1018 2430 1100 2465 (pro
1116 2426 1201 2455 -et?⁴=
1296 2423 1452 2454 otacilius

117 2471 167 2504 CA
313 2471 444 2502 LXXX
469 2472 541 2502 hab.
568 2472 597 2502 T
664 2482 677 2502 1
704 2469 854 2510 murrae]
872 2475 946 2500 tere
962 2468 1022 2499 ΑΑ
1038 2481 1045 2499 ;
1070 2478 1180 2499 murra
1197 2467 1295 2508 (ΕΑ)
1314 2468 1364 2498 vel
1378 2477 1451 2497 -rae

117 2516 198 2557 (we)
219 2514 269 2545 CA
410 2526 429 2546 2
454 2526 560 2554 puero
583 2514 632 2545 CA
