1648 2729
218 139 275 176 M.
307 138 432 175 VAL.
466 135 782 175 MARTIALIS

698 248 880 286 XXXIX

217 332 348 371 Prima
377 331 558 371 Palatino
586 332 653 369 lux
681 338 740 369 est
768 331 868 368 haec
897 336 981 368 orta
1010 327 1197 374 Tonanti,

268 399 456 448 Optasset
485 397 636 447 Cybele
665 410 743 446 qua
771 395 970 445 peperisse
1000 395 1138 432 Iovem
1154 408 1164 441 3

213 466 287 503 hac
317 470 355 502 et
384 471 520 502 sancta
549 462 627 501 mei
655 461 786 512 genita
815 468 873 499 est
904 459 1100 500 Caesonia
1130 460 1248 498 Rufi:

267 530 356 579 plus
385 529 505 567 debet
534 527 648 566 matri
678 528 785 565 nulla
813 528 945 576 puella
974 539 1078 565 suae.

214 596 400 633 Laetatur
427 593 585 643 gemina
613 600 795 631 votorum
825 599 928 630 sorte
957 590 1130 637 maritus,
1531 605 1548 637 5

269 659 434 710 contigit
463 660 571 697 hunc
599 657 656 696 illi
685 658 794 708 quod
823 657 884 696 bis
912 669 1044 695 amare
1074 655 1192 695 diem.

716 797 836 834 XLII
898 796 900 798 ’

323 885 485 936 Campis
515 885 624 924 dives
652 886 799 935 Apollo
829 883 884 922 sic
915 882 1093 933 Myrinis,

322 952 377 991 sic
406 965 561 1002 semper
588 950 750 990 senibus
778 952 904 988 fruare
933 948 1076 998 cycnis,

321 1019 463 1057 doctae
492 1017 547 1056 sic
576 1016 648 1055 tibi
677 1015 845 1055 serviant
874 1028 1026 1053 sorores

321 1097 394 1122 nec
426 1082 592 1133 Delphis
622 1089 688 1120 tua
716 1080 927 1119 mentiatur
956 1078 1034 1126 ulli,

322 1148 376 1187 sic
407 1147 556 1186 Palatia
585 1155 623 1185 te
652 1148 785 1185 colant
812 1153 1049 1195 amentque:
1531 1160 1548 1192 5

323 1213 382 1252 bis
412 1226 528 1251 senos
559 1212 637 1251 cito
667 1219 705 1251 te
733 1218 895 1262 rogante
924 1212 1048 1249 fasces

322 1280 391 1318 det
420 1279 564 1317 Stellae
593 1278 723 1316 bonus
753 1278 982 1327 adnuatque
1012 1276 1168 1315 Caesar.

320 1343 410 1382 felix
440 1351 534 1383 tunc
563 1356 636 1394 ego
665 1341 901 1392 debitorque
929 1340 1010 1380 voti

321 1423 503 1448 casurum
533 1408 604 1447 tibi
633 1407 796 1447 rusticas
825 1408 876 1446 ad
905 1420 990 1446 aras

321 1476 465 1514 ducam
494 1474 680 1514 cornibus
709 1473 835 1512 aureis
864 1472 1088 1511 iuvencum.
1509 1487 1549 1509 10

321 1541 425 1579 Nata
454 1547 512 1579 est
539 1539 678 1588 hostia,
711 1539 874 1578 Phoebe
890 1553 900 1587 3
939 1537 1035 1589 quid
1064 1535 1255 1576 moraris?

696 1685 841 1723 XLIII

218 1767 299 1806 Hic
329 1766 397 1817 qui
426 1768 523 1805 dura
552 1767 694 1806 sedens
723 1774 904 1816 porrecto
934 1779 1026 1804 saxa
1053 1766 1170 1805 leone

268 1832 428 1882 mitigat,
461 1832 601 1882 exiguo
631 1845 796 1882 magnus
825 1831 865 1869 in
894 1845 983 1870 aere
1012 1831 1122 1878 deus,

213 1911 394 1948 quaeque
422 1897 510 1936 tulit
539 1904 690 1948 spectat
717 1896 903 1947 resupino
931 1896 1059 1935 sidera
1087 1897 1208 1943 vultu,

267 1963 377 2002 cuius
406 1964 517 2001 laeva
546 1964 647 2001 calet
674 1963 827 2010 robore,
858 1963 994 2000 dextra
1023 1975 1155 2000 mero:

213 2041 294 2066 non
324 2036 382 2066 est
410 2029 515 2066 fama
543 2041 679 2067 recens
709 2041 783 2066 nec
812 2026 934 2065 nostri
963 2026 1084 2077 gloria
1113 2025 1235 2074 caeli3
1527 2041 1544 2073 5

266 2093 401 2132 nobile
430 2093 592 2144 Lysippi
622 2107 765 2132 munus
795 2106 975 2144 opusque
1004 2092 1124 2131 vides.

257 2198 414 2228 XXXIX
434 2208 447 2227 1
468 2197 525 2228 lux
541 2198 626 2228 haec
644 2202 697 2228 est
709 2196 737 2227 L
753 2209 761 2228 t
784 2198 869 2228 haec
886 2197 944 2227 lux
960 2197 1052 2235 ests
1129 2206 1149 2236 3
1173 2196 1257 2227 haec
1267 2196 1323 2226 ΒΑ
1411 2201 1546 2226 sanctu-

214 2242 409 2281 meugenita
424 2241 469 2271 CA
484 2243 520 2280 (u
532 2246 594 2281 pro
610 2252 641 2283 a,
660 2252 703 2280 ug
715 2247 777 2282 pro
794 2241 842 2281 ig)
911 2240 1063 2272 caelonia
1078 2239 1163 2279 (ce-3
1176 2240 1231 2270 ΒΑ
1341 2250 1359 2277 4
1385 2240 1415 2271 d.
1434 2239 1544 2281 [esse]

214 2284 275 2319 CA.
292 2285 350 2315 sed
361 2295 439 2315 corr.
460 2289 496 2315 ut
510 2285 575 2316 vid.
667 2294 686 2323 5
710 2285 866 2316 maritum
884 2283 936 2315 CA
1022 2285 1043 2314 6
1066 2284 1117 2315 uis
1135 2283 1184 2314 CA
1200 2287 1239 2313 ut
1252 2282 1315 2314 vid.
1338 2283 1372 2324 (i.
1386 2292 1409 2313 e.
1428 2282 1493 2322 bis)

258 2328 355 2358 XLII
384 2338 398 2358 1
424 2338 462 2359 se
480 2329 535 2359 BA
634 2328 775 2359 murinis
800 2329 876 2359 BA:
915 2328 1068 2358 murinus
1095 2326 1168 2358 CA:
1194 2327 1348 2366 Myrines
1374 2325 1548 2356 Buecheler

214 2381 233 2410 3
258 2376 395 2402 seruant
406 2372 459 2402 ΒΑ
474 2376 511 2402 ut
525 2371 588 2404 vid.
699 2384 718 2411 4
743 2383 785 2402 ne
801 2372 882 2414 (Lf)
900 2372 950 2402 vel
965 2382 1027 2402 nec
1042 2370 1133 2410 (PQi
1147 2370 1204 2400 BA
1278 2369 1483 2401 mentulatur
1495 2369 1544 2400 CA

213 2416 233 2444 6
257 2420 289 2446 te
306 2415 360 2446 BA
375 2426 383 2448 ε
408 2426 461 2446 me
479 2415 528 2447 CA
617 2415 710 2446 faces
728 2415 776 2446 CA
911 2425 947 2445 11
964 2414 1051 2446 Vota
1067 2414 1227 2445 Heinsius
1315 2413 1372 2454 qui
1390 2413 1438 2445 CA
