1648 2729
401 163 584 201 INDEX
624 164 1095 205 EPIGRAMMATON

140 271 224 302 Cum
244 272 415 303 dubitaret
432 273 542 304 adhuc
558 273 637 304 belli
654 274 762 305 civilis
779 274 878 314 Enyo
923 275 982 307 VI.
1002 286 1053 314 32.

140 315 223 346 Cum
241 316 346 347 facias
362 327 482 348 versus
498 318 589 348 nulla
607 328 672 348 non
692 317 766 348 luce
785 319 936 349 ducenos
981 319 1075 351 VIII.
1092 331 1144 351 20.

139 359 224 390 Cum
240 361 353 399 gravis
370 365 541 391 extremas
558 361 722 392 Vestinus
738 362 878 392 duceret
895 363 996 393 horas
1043 363 1101 401 IV,
1123 375 1172 404 73.

140 402 225 433 Cum
243 414 296 434 ine
313 409 480 444 captares,
500 405 656 435 mittebas
672 415 814 436 munera
831 407 928 437 nobis
975 406 1036 445 IX,
1053 408 1106 439 88.

140 446 224 476 Cum
243 457 380 478 mensas
396 448 518 478 habeat
536 448 607 479 sere
625 453 796 480 trecentas
841 449 918 482 VII,
938 451 990 489 48.

140 490 225 520 Cum
243 491 347 522 mittis
363 492 541 522 turdumve
558 493 641 523 mihi
659 494 863 532 quadramve
880 495 1058 533 placentae
1102 494 1163 533 VI,
1183 504 1232 534 75.

141 533 224 564 Cum
242 539 377 573 peteret
395 535 512 566 dulces
529 537 640 566 audax
660 537 835 568 Leandros
851 548 986 568 amores
1030 538 1093 578 Ep.
1110 549 1163 577 25.
1178 539 1207 570 b.

139 577 224 607 Cum
243 583 376 617 peteret
393 589 472 618 pars
489 579 574 611 haec
593 580 776 620 Myrinum,
794 592 873 620 pars
891 582 947 611 illa
964 581 1187 621 Triumphum
1222 582 1282 623 Ep.
1295 593 1347 613 20.

139 621 223 651 Cum
242 626 376 661 peteret
393 633 518 662 regern,
540 624 683 663 decepta
702 626 848 656 satellite
866 626 988 656 dextra
1033 625 1059 663 Ι,
1078 636 1130 657 21.

139 665 224 695 Cum
245 666 377 705 pluvias
393 667 632 707 madidumque
651 667 764 699 Iovem
783 669 936 708 perferre
955 674 1096 708 negaret
1141 668 1218 707 VII,
1236 671 1290 708 36.

139 709 224 739 Cum
242 714 341 748 potes
357 711 605 750 amethystinos
622 713 766 742 trientes
810 713 855 745 X.
873 723 925 751 49.

139 752 222 783 Cum
242 763 325 792 rogo
340 758 373 784 te
386 764 542 785 nummos
556 756 630 786 sine
643 756 800 794 pignore,
814 760 898 787 ‘non
912 755 1033 787 habeo'
1045 757 1157 796 inquis
1188 756 1334 795 X11‚25.

139 796 225 827 Cum
245 796 408 828 Saxetani
426 803 575 837 ponatur
592 799 675 829 coda
692 800 809 830 lacerti
855 799 933 837 VII,
954 801 1005 839 78.

139 840 223 870 Cum
240 841 419 879 sexaginta
436 848 591 872 numeret
609 843 796 874 Cascellius
812 854 921 874 annos
967 843 1042 877 VII,
1056 854 1087 882 9.

140 883 223 914 Cum
239 885 309 915 sint
327 895 422 915 crura
441 885 513 917 tibi.
532 887 682 917 similent
697 897 786 926 quae
805 898 931 918 cornua
948 888 1048 917 lunae
1096 886 1140 924 ΙΙ,
1157 897 1210 926 35.

140 927 224 958 Cum
243 928 292 958 sis
308 934 375 959 tam
394 939 526 968 pauper
541 940 640 969 quarn
659 941 721 961 nec
740 931 945 961 miserabilis
961 931 1033 962 Iros
1079 930 1138 962 VI.
1160 942 1210 970 77.

138 971 224 1001 Cum
240 972 316 1002 sitis
331 972 462 1003 similes
478 983 646 1012 paresque
662 975 732 1005 vita
775 974 868 1013 VIII,
888 984 939 1013 35.

139 1015 225 1046 Cum
242 1020 277 1046 te
295 1016 498 1056 municipem
518 1018 774 1048 Corinthiorum
821 1018 864 1048 X.
884 1020 936 1058 65.

140 1058 225 1090 Cum
241 1064 274 1090 te
294 1070 364 1090 non
378 1070 525 1098 nossem,
545 1062 718 1092 dominum
737 1072 921 1101 regemque
939 1062 1099 1092 vocabam
1147 1061 1173 1093 Ι,
1196 1072 1265 1092 112.

139 1103 224 1133 Cum
242 1103 304 1133 tibi
322 1114 390 1134 non
409 1110 525 1135 essent
541 1115 603 1135 sex
621 1105 724 1137 milia,
743 1105 937 1136 Caeciliane
984 1105 1041 1143 IV,
1061 1116 1112 1145 51.

139 1146 224 1176 Cum
241 1147 300 1177 tibi
320 1148 364 1178 sit
380 1148 522 1187 sophiae
540 1159 602 1188 par
617 1149 705 1179 sama
722 1154 755 1179 et
773 1159 854 1179 cura
871 1150 1010 1180 deorum
1058 1149 1084 1186 Ι,
1102 1159 1170 1180 111.

140 1190 225 1220 Cum
243 1191 304 1221 tibi
320 1196 386 1222 tam
404 1201 538 1222 crassae
556 1192 634 1230 sint,
653 1192 882 1233 Artemidore‚
902 1193 1059 1223 lacernae
1105 1192 1200 1229 VIII,
1218 1194 1269 1232 58.

140 1233 226 1264 Cum
244 1235 395 1265 traheret
414 1235 561 1273 Priscus,
577 1236 729 1267 traheret
742 1238 930 1267 certamina
946 1237 1058 1267 Verus
1102 1236 1162 1277 Ep.
1182 1247 1233 1276 29.

140 1278 225 1308 Cum
243 1283 291 1316 tu,
309 1279 488 1318 laurigeris
504 1290 628 1310 annum
646 1280 702 1319 qui
720 1280 867 1311 fascibus
884 1281 990 1311 intras
1036 1280 1081 1318 X,
1102 1291 1152 1312 10.

141 1321 227 1353 Cum
244 1327 302 1352 tua
319 1333 386 1353 non
405 1323 498 1361 edas,
518 1324 629 1363 carpis
643 1334 719 1354 mea
736 1325 899 1361 carmina,
917 1324 1011 1355 Laeli
1059 1324 1086 1361 Ι,
1104 1335 1155 1362 91.

139 1365 224 1396 Cum
241 1371 298 1396 tua
314 1366 502 1405 sacrilegos
517 1373 645 1398 contra.
665 1368 836 1399 Norbane.
855 1368 986 1398 furores
1032 1367 1094 1400 IX,
1113 1369 1165 1406 84.

140 1409 224 1440 Cum
240 1420 344 1440 vocer
360 1411 403 1440 ad
420 1420 537 1441 cenam
556 1421 625 1441 non
643 1412 707 1441 iam
725 1411 858 1442 venalis
874 1417 910 1442 ut
926 1417 1006 1442 ante
1052 1410 1115 1447 ΙΙΙ,
1133 1413 1186 1442 60.

140 1453 225 1483 Cum
243 1464 326 1484 voco
343 1459 377 1484 te
395 1454 582 1492 dominum,
602 1455 670 1485 noli
687 1456 759 1492 tibi,
779 1455 901 1490 Cinna,
915 1455 1050 1495 placere
1096 1455 1138 1492 V,
1156 1464 1207 1494 57.

141 1497 314 1528 Cunarum
332 1498 446 1528 fueras
463 1503 583 1536 motor,
602 1499 821 1536 Charideme,
840 1509 990 1529 mearum
1038 1498 1099 1529 XI.
1120 1509 1172 1538 39.

141 1541 211 1571 Cur
226 1551 295 1572 non
312 1542 410 1572 mitto
426 1552 520 1572 meos
536 1542 608 1580 tibi,
625 1542 830 1580 Pontiliane,
848 1543 1004 1573 libellos?
1050 1542 1128 1580 VH,
1147 1553 1177 1582 3.

140 1584 212 1615 Cur
227 1595 332 1625 saepe
349 1586 430 1616 sicci
447 1596 554 1625 parva
572 1597 650 1617 rura
669 1586 829 1617 Nomenti
877 1586 957 1616 XII.
976 1596 1029 1626 57.

139 1629 209 1659 Cur
225 1629 408 1660 tristiorem
425 1630 597 1661 cernimus
615 1630 811 1661 Saleianum
827 1632 835 1661 ἕ
882 1630 928 1668 ΙΙ,
945 1631 998 1669 65.

141 1672 324 1704 Cursorem
341 1679 439 1704 sexta
456 1673 527 1711 tibi,
547 1673 648 1711 Rufe,
666 1674 857 1704 remisimus
874 1674 959 1704 hora
1006 1673 1069 1710 111,
1090 1684 1160 1705 100.

139 1716 310 1748 Custodes
326 1717 396 1755 das,
416 1717 522 1754 Polla,
541 1719 626 1756 viro,
646 1728 714 1748 non
731 1718 858 1757 accipis
873 1718 947 1757 ipsa
993 1717 1037 1755 X,
1055 1719 1110 1756 69.

141 1799 194 1830 Da
208 1800 344 1830 veniam
361 1799 500 1832 subitis:
526 1811 595 1830 non
614 1799 829 1839 displicuisse
846 1804 997 1830 meretur
1041 1800 1101 1839 Ep.
1119 1810 1170 1838 31.

142 1844 306 1882 Daedale,
321 1844 458 1875 Lucano
475 1854 551 1874 cum
567 1845 616 1874 sic
633 1845 795 1874 lacereris
811 1844 852 1873 ab
870 1854 948 1874 urso
994 1844 1055 1882 Ep.
1072 1844 1102 1874 8.

142 1887 255 1918 Dante
271 1888 331 1918 tibi
348 1887 445 1918 turba
462 1887 634 1926 querulos,
651 1887 816 1926 Auguste,
833 1887 967 1917 libellos
1003 1887 1098 1923 VIII,
1116 1888 1168 1918 82.

142 1926 366 1971 Daphnonas‚'
384 1932 586 1971 platanonas
603 1937 636 1961 et
653 1932 766 1961 aerios
782 1931 942 1970 pityonas
988 1930 1068 1968 XII,
1087 1941 1139 1970 50.

141 1975 212 2006 Das
228 1976 447 2014 gladiatores,
464 1980 615 2006 sutorum
633 1974 762 2013 regule,
782 1975 884 2005 cerdo
927 1974 990 2012 ΙΙΙ,
1010 1975 1059 2005 16.

142 2019 209 2050 Dat
226 2019 357 2049 Baiana
373 2019 456 2049 mihi
474 2019 680 2058 quadrantes
695 2019 848 2058 sportula
865 2023 999 2048 centum
1048 2017 1074 2054 Ι,
1092 2028 1144 2057 59.

142 2062 194 2093 De
211 2062 416 2102 praetoricia
433 2063 550 2093 folium
566 2060 661 2099 mihi,
680 2062 797 2093 Paule.
816 2072 943 2092 corona
987 2061 1083 2100 VIII,
1102 2072 1153 2102 33.

141 2106 324 2137 Declamas
341 2107 441 2143 belle,
461 2116 581 2137 causas
597 2106 681 2144 agis,
698 2106 826 2143 Attice,
844 2105 931 2136 belle
978 2104 1022 2142 ΙΙ,
1039 2115 1068 2144 7.

140 2150 324 2181 Declamas
343 2150 378 2180 in
395 2150 500 2188 febre,
519 2150 638 2180 Maron
653 2162 659 2181 :
683 2150 772 2180 hanc
789 2159 865 2180 esse
883 2149 1067 2188 phrenesin
1112 2148 1171 2186 IV,
1189 2149 1241 2179 80.

142 2194 300 2225 Dederas
315 2193 428 2234 Apici,
448 2195 500 2224 bis
515 2193 700 2224 trecenties
716 2193 829 2223 ventri
875 2192 938 2230 ΙΙΙ,
956 2203 1008 2223 22.

143 2237 305 2275 Delicias,
324 2238 464 2276 Caesar,
483 2238 645 2276 lususque
660 2237 819 2276 iocosque
836 2236 973 2266 leonum
1021 2235 1047 2273 Ι,
1068 2246 1116 2275 14.

142 2282 289 2312 Denaris
306 2282 413 2312 tribus
429 2281 552 2312 invitas
569 2287 603 2312 et
620 2291 719 2311 mane
737 2286 888 2320 togatum
937 2279 999 2317 IX,
1020 2289 1092 2311 100.

143 2326 311 2356 Dentibus
327 2326 484 2365 antiquas
500 2324 622 2356 solitus
639 2325 830 2364 producere
846 2324 955 2363 pelles
1000 2322 1063 2361 IX,
1083 2333 1133 2362 73.

143 2369 311 2400 Dentibus
327 2374 429 2408 atque
447 2368 659 2400 comis—nec
676 2374 709 2398 te
724 2367 982 2407 pudet—uteris
999 2368 1121 2406 emptis
1167 2366 1247 2404 XII,
1266 2376 1317 2405 23.

145 2413 189 2444 Di
207 2413 268 2443 tibi
286 2413 368 2443 dent
385 2418 418 2443 et
435 2418 483 2450 tu,
502 2412 641 2449 Caesar,
660 2421 894 2451 quaecumque
912 2411 1056 2441 mereris
1100 2410 1158 2450 VI,
1178 2411 1230 2449 87.

144 2456 188 2487 Di
207 2457 265 2487 tibi
282 2457 363 2488 dent
380 2457 553 2496 quidquid,
573 2456 702 2487 Caesar
718 2455 879 2493 Traiane,
896 2455 1040 2485 mereris
1085 2454 1128 2494 X,
1141 2464 1194 2493 34.

187 2522 292 2544 MART.
311 2522 363 2544 ΕΡ.
383 2521 431 2543 sc.
450 2520 504 2543 ευ.
1221 2509 1264 2540 20
