1648 2729
203 146 258 181 M.
292 146 414 182 VAL.
447 146 762 184 MARTIALIS

685 260 847 297 XXVII

202 339 343 387 Natali,
378 339 566 387 Diodore‚
599 347 668 379 tuo
697 340 864 378 conviva
892 348 1049 379 senatus

253 405 420 443 accubat
449 413 488 443 et
517 419 623 443 rarus
653 419 735 444 non
763 406 974 444 adhibetur
1007 419 1140 456 eques,

200 479 238 508 et
267 479 334 508 tua
363 470 533 509 tricenos
563 470 721 520 largitur
750 473 925 521 sportula
953 485 1149 510 nummos.

255 549 374 574 nemo
404 544 538 575 tamen
568 544 704 574 natum
735 544 783 583 te,
817 536 1007 584 Diodore‚
1038 545 1160 587 putat.

676 648 863 685 XXVIII

200 719 408 756 Annorum
438 717 633 767 nitidique
663 725 767 756 sator
796 717 1058 768 pulcherrime
1087 717 1238 765 mundi,

253 783 413 833 publica
442 797 560 833 quem
590 783 760 833 primum
790 791 882 822 vota
909 797 1125 833 precesque
1153 791 1308 830 vocant,

199 848 353 898 pervius
382 848 542 898 exiguos
571 848 778 886 habitabas
806 856 899 887 ante
926 856 1102 899 penates,

253 913 421 962 plurima
450 927 529 963 qua
558 913 734 952 medium
766 915 897 951 Roma
926 914 1078 952 terebat
1106 913 1200 952 iter:

200 992 305 1016 nunc
335 986 402 1016 tua
432 978 634 1018 Caesareis
664 978 874 1028 cinguntur
902 978 1039 1016 limina
1068 978 1185 1017 donis
1515 996 1532 1027 5

254 1052 292 1082 et
321 1046 405 1082 fora
433 1052 492 1082 tot
522 1058 715 1091 numeras,
749 1046 857 1091 Iane,
889 1052 986 1094 quot
1016 1058 1084 1082 ora
1112 1043 1222 1094 geris.

199 1118 237 1147 at
267 1118 320 1156 tu,
352 1118 486 1148 sancte
516 1117 635 1160 pater,
667 1117 777 1147 tanto
807 1123 877 1159 pro
907 1123 1069 1148 munere
1098 1117 1240 1159 gratus,

252 1176 376 1213 ferrea
404 1182 593 1225 perpetua
620 1176 788 1213 claustra
817 1182 925 1213 tuere
954 1187 1049 1213 sera.

711 1287 829 1323 XXX

200 1357 235 1394 O
267 1364 505 1406 temperatae
535 1357 652 1395 dulce
683 1356 863 1395 Formiae
891 1356 993 1403 litus,

199 1435 279 1468 vos,
312 1435 403 1460 cum
433 1421 557 1460 severi
586 1421 683 1471 fugit
713 1421 907 1472 oppidum
939 1421 1077 1460 Martis

199 1494 236 1524 et
267 1487 462 1537 inquietas
492 1488 617 1525 fessus
647 1486 753 1525 exuit
782 1500 904 1534 curas,

201 1552 438 1602 Apollinaris
468 1552 654 1590 omnibus
684 1552 781 1590 locis
811 1553 988 1602 praefert.

199 1631 279 1656 non
310 1617 374 1655 ille
404 1625 563 1655 sanctae
593 1618 709 1656 dulce
738 1617 864 1655 Tibur
893 1617 1034 1663 uxoris,
1513 1632 1530 1663 5

199 1696 272 1720 nec
301 1684 550 1721 Tusculanos
581 1682 795 1733 Algidosve
825 1696 1013 1729 secessus,

200 1750 410 1786 Praeneste
440 1761 513 1786 nec
543 1747 599 1786 sic
627 1747 874 1797 Antiumque
908 1747 1092 1794 miratur3

198 1826 276 1850 non
308 1813 455 1851 blanda
484 1812 598 1852 Circe
629 1812 875 1851 Dardanisve
905 1812 1043 1852 Caieta

198 1877 480 1924 desiderantur,
514 1891 588 1916 nec
619 1877 770 1916 Marica
799 1891 873 1916 nec
903 1877 1014 1923 Liris,

198 1957 271 1981 nec
301 1942 341 1980 in
372 1942 542 1981 Lucrina
570 1944 650 1981 lota
678 1943 867 1981 Salmacis
895 1956 1005 1981 vena.
1495 1955 1533 1978 10

200 2008 279 2046 Hic
309 2021 464 2046 summa
492 2008 571 2046 leni
600 2007 799 2058 stringitur
828 2007 966 2046 Thetis
996 2015 1139 2055 ventoj

242 2111 375 2142 XXVII
399 2112 472 2143 hab.
499 2111 528 2142 T
681 2122 694 2142 1
722 2111 855 2142 diodori
880 2111 927 2142 CA
1027 2121 1090 2142 suo
1115 2110 1164 2142 CA
1309 2119 1330 2149 3
1354 2114 1388 2140 at
1415 2109 1531 2151 T(p›‘o

197 2167 234 2186 ac
252 2158 273 2190 Γ)
295 2168 301 2185 z
326 2161 359 2186 et
375 2155 483 2186 ΒΑΕΑ
615 2167 634 2193 4
657 2155 706 2195 te]
725 2165 743 2185 e
763 2156 811 2186 CA

242 2199 392 2229 XXVIII
418 2209 438 2228 2
461 2210 527 2238 que
547 2198 593 2229 CA
612 2203 648 2229 ut
663 2199 727 2229 vid.
830 2210 850 2238 3
875 2199 1011 2238 peruius
1026 2198 1100 2229 Ital.
1118 2210 1124 2229 :
1149 2198 1305 2237 praevius
1320 2197 1424 2238 (pre—)
1439 2197 1528 2228 codd.

200 2245 220 2273 6
244 2248 277 2273 et
295 2254 360 2273 om.
381 2242 437 2272 ΒΑ
569 2243 589 2272 8
614 2247 769 2281 pertetua
788 2242 835 2273 CA

242 2286 345 2316 XXX
372 2297 385 2316 1
415 2286 450 2316 Io
466 2286 544 2316 BA:
579 2285 609 2315 O
629 2286 675 2316 CA
777 2289 989 2325 temperante
1014 2284 1103 2316 codd.
1130 2286 1204 2325 (pro
1228 2290 1308 2324 -ate‚
1335 2284 1355 2315 i.
1369 2294 1392 2315 e.
1422 2284 1530 2322 -atae)

197 2330 301 2367 (-atae
315 2330 349 2367 C,
365 2330 433 2369 etc.)
568 2340 587 2367 4
613 2329 694 2359 iocis
714 2329 762 2359 CA
788 2330 811 2368 (j
824 2335 886 2369 pro
902 2330 927 2364 l)
1062 2330 1083 2359 8
1106 2328 1187 2359 dare
1204 2328 1291 2359 lanis
1307 2327 1355 2358 CA
1372 2328 1416 2368 (d.
1442 2327 1530 2358 ianis

195 2371 274 2412 XC)
293 2374 373 2413 (pro
393 2372 581 2412 darclanis;
607 2373 636 2403 cl
652 2378 715 2414 pro
739 2373 774 2413 d)
955 2382 993 2403 10
1017 2371 1154 2402 lucerna
1171 2371 1220 2402 CA
1326 2382 1462 2402 uenena
1480 2371 1530 2401 CA

198 2420 299 2454 <uena
313 2416 362 2456 A)
