1648 2729
152 115 209 151 M.
240 113 365 151 VAL.
397 114 715 152 MARTIALIS

260 240 334 265 nec
365 240 407 265 se
436 226 568 265 taedia
597 226 731 265 lectuli
760 227 924 266 calentis

261 297 467 340 expertum
497 289 679 328 meminit
708 289 773 329 die
801 291 864 329 vel
893 303 985 329 uno.

261 354 437 393 ostendit
466 350 646 405 digitum,
678 356 749 393 sed
778 354 1024 405 inpudicum,
1479 373 1497 404 5

261 419 425 459 Alconti
455 420 660 470 Dasioque
690 422 1022 471 Symmachoque.

261 493 302 523 at
330 485 454 524 nostri
482 486 587 524 bene
616 494 885 536 conputentur
912 486 1008 524 anni

263 559 301 589 et
331 559 525 601 quantum
555 551 716 590 tetricae
746 553 870 590 tulere
899 553 1028 591 febres

262 624 330 654 aut
360 618 525 666 languor
553 616 679 666 gravis
708 624 777 655 aut
806 617 899 655 mali
929 618 1088 657 dolores

262 695 285 719 a
314 681 394 719 vita
424 681 586 720 meliore
616 690 870 731 separentur:
1462 699 1502 721 10

263 747 434 786 infantes
465 761 602 786 sumus
631 755 670 786 et
700 761 814 786 senes
844 747 1036 787 videmur.

264 815 448 851 Aetatem
479 812 706 863 Priamique
736 813 999 864 Nestorisque

263 881 422 930 longam
453 879 521 930 qui
550 887 662 930 putat
692 893 789 928 esse,
822 879 1038 928 Marciane,

266 946 435 983 multum
466 945 743 995 decipiturque
773 945 1009 995 falliturque.

265 1024 346 1050 non
377 1018 435 1049 est
465 1010 605 1059 vivere,
637 1012 709 1050 sed
737 1013 866 1050 valere
895 1011 974 1050 vita
1003 1019 1072 1050 est.
1461 1028 1502 1062 15

637 1106 798 1143 LXXII

266 1177 344 1214 Fur
372 1184 491 1215 notae
520 1176 688 1214 nimium
717 1176 941 1226 rapacitatis

265 1240 466 1291 conpilare
497 1240 599 1280 Cilix
627 1242 786 1280 volebat
815 1242 986 1289 hortum,

266 1306 416 1357 ingenti
446 1307 517 1345 sed
546 1314 639 1354 erat,
673 1307 849 1354 Fabulle,
882 1307 922 1345 in
952 1309 1068 1346 horto

266 1380 419 1422 praeter
447 1385 712 1410 marmoreum
741 1372 839 1410 nihil
870 1372 1068 1423 Priapum.

265 1438 363 1475 dum
393 1451 475 1475 non
505 1439 587 1476 vult
616 1451 740 1476 vacua
769 1452 891 1476 manu
919 1438 1056 1486 redire,
1484 1454 1505 1488 5

266 1502 396 1553 ipsum
427 1502 622 1553 subripuit
653 1502 755 1542 Cilix
785 1503 984 1554 Priapum.

634 1592 812 1629 LXXIV

161 1661 300 1700 Medio
330 1661 526 1700 recumbit
555 1661 657 1700 imus
687 1661 752 1700 ille
781 1662 849 1712 qui
878 1664 992 1710 lecto,

159 1728 310 1765 calvam
341 1726 496 1765 trifilem
527 1726 732 1765 semitatus
762 1735 979 1778 unguento,

158 1792 339 1843 foditque
369 1792 493 1831 tonsis
524 1806 592 1831 ora
621 1794 708 1831 laxa
736 1794 922 1841 lentiscis,

159 1859 358 1906 mentitur,
390 1860 612 1897 Aefulane:
651 1872 733 1897 non
763 1860 884 1898 habet
913 1861 1065 1898 dentes.

646 1948 800 1985 LXXV

160 2020 264 2057 Cum
296 2018 417 2056 mittis
447 2019 657 2057 turdumve
687 2018 784 2056 mihi
814 2019 1056 2068 quadramve
1085 2020 1301 2069 placentae,

214 2084 295 2123 sive
326 2085 452 2122 femur
481 2084 626 2134 leporis
656 2083 738 2122 sive
767 2084 865 2134 quid
893 2083 954 2122 his
989 2083 1116 2123 simile
1146 2091 1215 2132 est,

206 2188 303 2219 LXX
324 2198 340 2227 7
359 2187 408 2227 at]
427 2188 493 2218 heu
511 2186 546 2217 D
635 2193 876 2227 computantur
891 2187 926 2218 D
944 2188 1033 2229 (cum
1049 2186 1100 2229 Χ)
1238 2198 1277 2219 10
1300 2193 1504 2228 separantur

159 2233 212 2264 D:
239 2237 347 2262 -retur
362 2231 457 2271 Duff
586 2241 624 2271 15
650 2242 720 2262 non
737 2232 801 2262 hoe
819 2242 851 2263 u.
868 2230 904 2262 D
1008 2231 1078 2262 uita
1095 2232 1174 2273 (om.
1194 2232 1261 2270 est)
1279 2231 1313 2262 P

206 2275 353 2306 LXXIV
381 2286 393 2306 1
422 2276 509 2307 imus
524 2274 586 2313 (L)
604 2275 654 2306 vel
670 2286 757 2306 unus
776 2275 918 2316 (PQFs)
938 2275 994 2305 BA
1142 2286 1161 2306 2
1186 2275 1338 2317 trifilem]
1358 2275 1504 2307 similem

160 2320 213 2349 BA
304 2319 502 2350 semitectus
517 2319 693 2349 Buecheler
823 2330 843 2359 3
868 2319 1022 2358 fuditque
1038 2319 1092 2349 BA

207 2363 336 2393 LXXV
360 2363 432 2393 lzab.
456 2363 486 2392 T
552 2372 565 2392 1
592 2364 774 2394 turdumue
790 2363 930 2394 AABA:
952 2363 1157 2402 turdumque
1175 2361 1224 2393 CA
1350 2373 1370 2393 2
1394 2361 1504 2394 simile

162 2412 214 2437 est
231 2406 291 2436 AA
306 2418 313 2437 :
338 2406 447 2437 simile
463 2406 571 2437 BACA
