<?xml version="1.0" encoding="UTF-8"?>
<!DOCTYPE html PUBLIC "-//W3C//DTD XHTML 1.0 Transitional//EN"
    "http://www.w3.org/TR/xhtml1/DTD/xhtml1-transitional.dtd">
<html xmlns="http://www.w3.org/1999/xhtml" xml:lang="en" lang="en">
 <head>
  <title>
</title>
<meta http-equiv="Content-Type" content="text/html;charset=utf-8" />
  <meta name='ocr-system' content='tesseract 3.04.00' />
  <meta name='ocr-capabilities' content='ocr_page ocr_carea ocr_par ocr_line ocrx_word'/>
</head>
<body>
  <div class='ocr_page' id='page_1' title='image "./epigrammatasele00martuoft_0305.png"; bbox 0 0 1648 2729; ppageno 0'>
   <div class='ocr_carea' id='block_1_1' title="bbox 701 166 1425 206">
    <p class='ocr_par' dir='ltr' id='par_1_1' title="bbox 701 166 1425 206">
     <span class='ocr_line' id='line_1_1' title="bbox 701 166 1425 206; baseline -0.003 -1"><span class='ocrx_word' id='word_1_1' title='bbox 701 167 1173 206; x_wconf 88' lang='lat' dir='ltr'><strong>EPIGRAMMATON</strong></span> <span class='ocrx_word' id='word_1_2' title='bbox 1205 167 1310 204; x_wconf 93' lang='lat' dir='ltr'><strong>LIB.</strong></span> <span class='ocrx_word' id='word_1_3' title='bbox 1342 166 1425 203; x_wconf 91' lang='lat' dir='ltr'>XII</span> 
     </span>
    </p>
   </div>
   <div class='ocr_carea' id='block_1_2' title="bbox 89 279 956 527">
    <p class='ocr_par' dir='ltr' id='par_1_2' title="bbox 89 279 753 327">
     <span class='ocr_line' id='line_1_2' title="bbox 89 279 753 327; baseline -0.005 -7"><span class='ocrx_word' id='word_1_4' title='bbox 89 280 325 320; x_wconf 85' lang='lat' dir='ltr'>aerariorum</span> <span class='ocrx_word' id='word_1_5' title='bbox 355 279 518 318; x_wconf 81' lang='lat' dir='ltr'>marculi</span> <span class='ocrx_word' id='word_1_6' title='bbox 547 279 611 318; x_wconf 90' lang='lat' dir='ltr'>die</span> <span class='ocrx_word' id='word_1_7' title='bbox 640 286 753 327; x_wconf 79' lang='lat' dir='ltr'>tot03</span> 
     </span>
    </p>

    <p class='ocr_par' dir='ltr' id='par_1_3' title="bbox 90 344 956 456">
     <span class='ocr_line' id='line_1_3' title="bbox 90 344 956 394; baseline -0.002 -10"><span class='ocrx_word' id='word_1_8' title='bbox 90 346 182 385; x_wconf 91' lang='lat' dir='ltr'>hinc</span> <span class='ocrx_word' id='word_1_9' title='bbox 211 345 361 384; x_wconf 90' lang='lat' dir='ltr'>otiosus</span> <span class='ocrx_word' id='word_1_10' title='bbox 390 344 591 384; x_wconf 87' lang='lat' dir='ltr'>sordidam</span> <span class='ocrx_word' id='word_1_11' title='bbox 623 344 748 394; x_wconf 84' lang='lat' dir='ltr'>quatit</span> <span class='ocrx_word' id='word_1_12' title='bbox 778 357 956 382; x_wconf 86' lang='lat' dir='ltr'>mensam</span> 
     </span>
     <span class='ocr_line' id='line_1_4' title="bbox 90 409 802 456; baseline -0.004 -6"><span class='ocrx_word' id='word_1_13' title='bbox 90 411 319 450; x_wconf 84' lang='lat' dir='ltr'>Neroniana</span> <span class='ocrx_word' id='word_1_14' title='bbox 347 409 634 449; x_wconf 83' lang='lat' dir='ltr'><strong>nummularius</strong></span> <span class='ocrx_word' id='word_1_15' title='bbox 664 423 802 456; x_wconf 88' lang='lat' dir='ltr'>massa,</span> 
     </span>
    </p>

    <p class='ocr_par' dir='ltr' id='par_1_4' title="bbox 90 474 847 527">
     <span class='ocr_line' id='line_1_5' title="bbox 90 474 847 527; baseline -0.004 -12"><span class='ocrx_word' id='word_1_16' title='bbox 90 476 197 515; x_wconf 92' lang='lat' dir='ltr'>illinc</span> <span class='ocrx_word' id='word_1_17' title='bbox 225 475 376 527; x_wconf 90' lang='lat' dir='ltr'>palucis</span> <span class='ocrx_word' id='word_1_18' title='bbox 406 477 610 513; x_wconf 80' lang='lat' dir='ltr'>malleator</span> <span class='ocrx_word' id='word_1_19' title='bbox 640 474 847 525; x_wconf 81' lang='lat' dir='ltr'>Hispanae</span> 
     </span>
    </p>
   </div>
   <div class='ocr_carea' id='block_1_3' title="bbox 90 541 1428 649">
    <p class='ocr_par' dir='ltr' id='par_1_5' title="bbox 90 541 1428 649">
     <span class='ocr_line' id='line_1_6' title="bbox 90 541 1428 588; baseline -0.003 -8"><span class='ocrx_word' id='word_1_20' title='bbox 90 542 223 580; x_wconf 88' lang='lat' dir='ltr'>tritum</span> <span class='ocrx_word' id='word_1_21' title='bbox 253 541 394 580; x_wconf 81' lang='lat' dir='ltr'>nitenti</span> <span class='ocrx_word' id='word_1_22' title='bbox 423 542 526 579; x_wconf 87' lang='lat' dir='ltr'>fuste</span> <span class='ocrx_word' id='word_1_23' title='bbox 555 541 733 579; x_wconf 89' lang='lat' dir='ltr'>verberat</span> <span class='ocrx_word' id='word_1_24' title='bbox 763 554 926 588; x_wconf 78' lang='lat' dir='ltr'>saxum3</span> <span class='ocrx_word' id='word_1_25' title='bbox 1389 555 1428 576; x_wconf 82' lang='lat'>10</span> 
     </span>
     <span class='ocr_line' id='line_1_7' title="bbox 90 604 904 649; baseline -0.002 -7"><span class='ocrx_word' id='word_1_26' title='bbox 90 617 164 643; x_wconf 88' lang='lat' dir='ltr'>nec</span> <span class='ocrx_word' id='word_1_27' title='bbox 192 605 307 642; x_wconf 85' lang='lat' dir='ltr'>turba</span> <span class='ocrx_word' id='word_1_28' title='bbox 335 610 462 642; x_wconf 87' lang='lat' dir='ltr'>cessat</span> <span class='ocrx_word' id='word_1_29' title='bbox 490 604 675 641; x_wconf 77' lang='lat' dir='ltr'>entheata</span> <span class='ocrx_word' id='word_1_30' title='bbox 705 604 904 649; x_wconf 80' lang='lat' dir='ltr'>Bellonae,</span> 
     </span>
    </p>
   </div>
   <div class='ocr_carea' id='block_1_4' title="bbox 89 668 1432 1627">
    <p class='ocr_par' dir='ltr' id='par_1_6' title="bbox 89 668 948 718">
     <span class='ocr_line' id='line_1_8' title="bbox 89 668 948 718; baseline -0.002 -10"><span class='ocrx_word' id='word_1_31' title='bbox 89 683 163 708; x_wconf 91' lang='lat' dir='ltr'>nec</span> <span class='ocrx_word' id='word_1_32' title='bbox 192 668 356 707; x_wconf 85' lang='lat' dir='ltr'>fasciato</span> <span class='ocrx_word' id='word_1_33' title='bbox 385 669 595 718; x_wconf 82' lang='lat' dir='ltr'>naufragus</span> <span class='ocrx_word' id='word_1_34' title='bbox 624 669 770 717; x_wconf 82' lang='lat' dir='ltr'>loquax</span> <span class='ocrx_word' id='word_1_35' title='bbox 798 674 948 714; x_wconf 90' lang='lat' dir='ltr'>trunco,</span> 
     </span>
    </p>

    <p class='ocr_par' dir='ltr' id='par_1_7' title="bbox 89 733 918 782">
     <span class='ocr_line' id='line_1_9' title="bbox 89 733 918 782; baseline -0.004 -9"><span class='ocrx_word' id='word_1_36' title='bbox 89 749 112 773; x_wconf 89' lang='lat' dir='ltr'>a</span> <span class='ocrx_word' id='word_1_37' title='bbox 141 742 264 772; x_wconf 85' lang='lat' dir='ltr'>matre</span> <span class='ocrx_word' id='word_1_38' title='bbox 294 735 436 772; x_wconf 87' lang='lat' dir='ltr'>doctus</span> <span class='ocrx_word' id='word_1_39' title='bbox 466 747 540 771; x_wconf 86' lang='lat' dir='ltr'>nec</span> <span class='ocrx_word' id='word_1_40' title='bbox 568 746 704 782; x_wconf 82' lang='lat' dir='ltr'>rogare</span> <span class='ocrx_word' id='word_1_41' title='bbox 734 733 918 779; x_wconf 86' lang='lat' dir='ltr'>Iudaeus,</span> 
     </span>
    </p>

    <p class='ocr_par' dir='ltr' id='par_1_8' title="bbox 91 796 972 849">
     <span class='ocr_line' id='line_1_10' title="bbox 91 796 972 849; baseline -0.002 -12"><span class='ocrx_word' id='word_1_42' title='bbox 91 813 165 838; x_wconf 92' lang='lat' dir='ltr'>nec</span> <span class='ocrx_word' id='word_1_43' title='bbox 194 800 447 849; x_wconf 81' lang='lat' dir='ltr'>sulphuratae</span> <span class='ocrx_word' id='word_1_44' title='bbox 477 798 607 848; x_wconf 90' lang='lat' dir='ltr'>lippus</span> <span class='ocrx_word' id='word_1_45' title='bbox 637 797 792 836; x_wconf 88' lang='lat' dir='ltr'>institor</span> <span class='ocrx_word' id='word_1_46' title='bbox 821 796 972 836; x_wconf 89' lang='lat' dir='ltr'>mercis.</span> 
     </span>
    </p>

    <p class='ocr_par' dir='ltr' id='par_1_9' title="bbox 90 861 1427 979">
     <span class='ocr_line' id='line_1_11' title="bbox 91 861 1427 914; baseline -0.004 -11"><span class='ocrx_word' id='word_1_47' title='bbox 91 867 310 904; x_wconf 86' lang='lat' dir='ltr'>Numerare</span> <span class='ocrx_word' id='word_1_48' title='bbox 339 864 437 914; x_wconf 84' lang='lat' dir='ltr'>pigri</span> <span class='ocrx_word' id='word_1_49' title='bbox 466 865 613 902; x_wconf 88' lang='lat' dir='ltr'>damna</span> <span class='ocrx_word' id='word_1_50' title='bbox 642 862 729 913; x_wconf 86' lang='lat' dir='ltr'>quis</span> <span class='ocrx_word' id='word_1_51' title='bbox 758 870 889 912; x_wconf 85' lang='lat' dir='ltr'>potest</span> <span class='ocrx_word' id='word_1_52' title='bbox 917 861 1077 901; x_wconf 89' lang='lat' dir='ltr'>somni?</span> <span class='ocrx_word' id='word_1_53' title='bbox 1391 877 1427 907; x_wconf 80' lang='lat'>¹5</span> 
     </span>
     <span class='ocr_line' id='line_1_12' title="bbox 90 927 992 979; baseline -0.003 -11"><span class='ocrx_word' id='word_1_54' title='bbox 90 929 196 969; x_wconf 88' lang='lat' dir='ltr'>dicet</span> <span class='ocrx_word' id='word_1_55' title='bbox 225 936 322 979; x_wconf 88' lang='lat' dir='ltr'>quot</span> <span class='ocrx_word' id='word_1_56' title='bbox 351 943 441 967; x_wconf 84' lang='lat' dir='ltr'>aera</span> <span class='ocrx_word' id='word_1_57' title='bbox 469 929 675 967; x_wconf 87' lang='lat' dir='ltr'>verberent</span> <span class='ocrx_word' id='word_1_58' title='bbox 705 941 845 966; x_wconf 86' lang='lat' dir='ltr'>manus</span> <span class='ocrx_word' id='word_1_59' title='bbox 875 927 992 974; x_wconf 88' lang='lat' dir='ltr'>urbis,</span> 
     </span>
    </p>

    <p class='ocr_par' dir='ltr' id='par_1_10' title="bbox 90 993 1047 1042">
     <span class='ocr_line' id='line_1_13' title="bbox 90 993 1047 1042; baseline -0.005 -8"><span class='ocrx_word' id='word_1_60' title='bbox 90 1009 182 1034; x_wconf 91' lang='lat' dir='ltr'>cum</span> <span class='ocrx_word' id='word_1_61' title='bbox 213 1002 321 1033; x_wconf 85' lang='lat' dir='ltr'>secta</span> <span class='ocrx_word' id='word_1_62' title='bbox 350 995 506 1033; x_wconf 90' lang='lat' dir='ltr'>Colcho</span> <span class='ocrx_word' id='word_1_63' title='bbox 537 995 651 1031; x_wconf 88' lang='lat' dir='ltr'>Luna</span> <span class='ocrx_word' id='word_1_64' title='bbox 679 994 838 1042; x_wconf 86' lang='lat' dir='ltr'>vapulat</span> <span class='ocrx_word' id='word_1_65' title='bbox 867 993 1047 1031; x_wconf 87' lang='lat' dir='ltr'>rhombo.</span> 
     </span>
    </p>

    <p class='ocr_par' dir='ltr' id='par_1_11' title="bbox 90 1057 998 1110">
     <span class='ocr_line' id='line_1_14' title="bbox 90 1057 998 1110; baseline -0.004 -11"><span class='ocrx_word' id='word_1_66' title='bbox 90 1063 165 1108; x_wconf 88' lang='lat' dir='ltr'>Tu,</span> <span class='ocrx_word' id='word_1_67' title='bbox 198 1062 349 1110; x_wconf 88' lang='lat' dir='ltr'>Sparse,</span> <span class='ocrx_word' id='word_1_68' title='bbox 382 1059 510 1098; x_wconf 87' lang='lat' dir='ltr'>nescis</span> <span class='ocrx_word' id='word_1_69' title='bbox 540 1058 614 1097; x_wconf 87' lang='lat' dir='ltr'>ista</span> <span class='ocrx_word' id='word_1_70' title='bbox 643 1072 717 1097; x_wconf 92' lang='lat' dir='ltr'>nec</span> <span class='ocrx_word' id='word_1_71' title='bbox 746 1066 859 1108; x_wconf 90' lang='lat' dir='ltr'>potes</span> <span class='ocrx_word' id='word_1_72' title='bbox 890 1057 998 1104; x_wconf 89' lang='lat' dir='ltr'>scire,</span> 
     </span>
    </p>

    <p class='ocr_par' dir='ltr' id='par_1_12' title="bbox 92 1123 753 1174">
     <span class='ocr_line' id='line_1_15' title="bbox 92 1123 753 1174; baseline -0.005 -10"><span class='ocrx_word' id='word_1_73' title='bbox 92 1125 293 1164; x_wconf 90' lang='lat' dir='ltr'>Petilianis</span> <span class='ocrx_word' id='word_1_74' title='bbox 323 1124 514 1163; x_wconf 87' lang='lat' dir='ltr'>delicatus</span> <span class='ocrx_word' id='word_1_75' title='bbox 544 1123 584 1162; x_wconf 89' lang='lat' dir='ltr'>in</span> <span class='ocrx_word' id='word_1_76' title='bbox 614 1123 753 1174; x_wconf 85' lang='lat' dir='ltr'>regnis,</span> 
     </span>
    </p>

    <p class='ocr_par' dir='ltr' id='par_1_13' title="bbox 91 1188 1432 1303">
     <span class='ocr_line' id='line_1_16' title="bbox 91 1188 1432 1242; baseline -0.003 -13"><span class='ocrx_word' id='word_1_77' title='bbox 91 1191 155 1230; x_wconf 90' lang='lat' dir='ltr'>cui</span> <span class='ocrx_word' id='word_1_78' title='bbox 183 1193 302 1242; x_wconf 88' lang='lat' dir='ltr'>plana</span> <span class='ocrx_word' id='word_1_79' title='bbox 330 1203 508 1229; x_wconf 88' lang='lat' dir='ltr'>summos</span> <span class='ocrx_word' id='word_1_80' title='bbox 538 1189 706 1239; x_wconf 85' lang='lat' dir='ltr'>despicit</span> <span class='ocrx_word' id='word_1_81' title='bbox 735 1190 879 1228; x_wconf 87' lang='lat' dir='ltr'>domus</span> <span class='ocrx_word' id='word_1_82' title='bbox 909 1188 1066 1235; x_wconf 85' lang='lat' dir='ltr'>montis,</span> <span class='ocrx_word' id='word_1_83' title='bbox 1392 1204 1432 1225; x_wconf 82' lang='lat'>20</span> 
     </span>
     <span class='ocr_line' id='line_1_17' title="bbox 92 1254 998 1303; baseline -0.004 -9"><span class='ocrx_word' id='word_1_84' title='bbox 92 1265 129 1295; x_wconf 91' lang='lat' dir='ltr'>et</span> <span class='ocrx_word' id='word_1_85' title='bbox 159 1270 223 1294; x_wconf 87' lang='lat' dir='ltr'>rus</span> <span class='ocrx_word' id='word_1_86' title='bbox 252 1255 292 1294; x_wconf 91' lang='lat' dir='ltr'>in</span> <span class='ocrx_word' id='word_1_87' title='bbox 323 1256 420 1293; x_wconf 91' lang='lat' dir='ltr'>urbe</span> <span class='ocrx_word' id='word_1_88' title='bbox 450 1262 508 1293; x_wconf 92' lang='lat' dir='ltr'>est</span> <span class='ocrx_word' id='word_1_89' title='bbox 537 1254 759 1303; x_wconf 86' lang='lat' dir='ltr'>vinitorque</span> <span class='ocrx_word' id='word_1_90' title='bbox 791 1255 998 1292; x_wconf 86' lang='lat' dir='ltr'>Romanus</span> 
     </span>
    </p>

    <p class='ocr_par' dir='ltr' id='par_1_14' title="bbox 92 1319 1064 1360">
     <span class='ocr_line' id='line_1_18' title="bbox 92 1319 1064 1360; baseline -0.004 0"><span class='ocrx_word' id='word_1_91' title='bbox 92 1335 220 1360; x_wconf 90' lang='lat' dir='ltr'>—-nec</span> <span class='ocrx_word' id='word_1_92' title='bbox 249 1321 289 1359; x_wconf 92' lang='lat' dir='ltr'>in</span> <span class='ocrx_word' id='word_1_93' title='bbox 320 1322 487 1359; x_wconf 88' lang='lat' dir='ltr'>Falerno</span> <span class='ocrx_word' id='word_1_94' title='bbox 517 1322 618 1358; x_wconf 89' lang='lat' dir='ltr'>colle</span> <span class='ocrx_word' id='word_1_95' title='bbox 648 1319 772 1357; x_wconf 87' lang='lat' dir='ltr'>maior</span> <span class='ocrx_word' id='word_1_96' title='bbox 800 1326 1064 1357; x_wconf 86' lang='lat' dir='ltr'>autumnus——</span> 
     </span>
    </p>

    <p class='ocr_par' dir='ltr' id='par_1_15' title="bbox 92 1385 900 1437">
     <span class='ocr_line' id='line_1_19' title="bbox 92 1385 900 1437; baseline -0.004 -12"><span class='ocrx_word' id='word_1_97' title='bbox 92 1387 272 1437; x_wconf 87' lang='lat' dir='ltr'>intraque</span> <span class='ocrx_word' id='word_1_98' title='bbox 300 1385 422 1424; x_wconf 90' lang='lat' dir='ltr'>limen</span> <span class='ocrx_word' id='word_1_99' title='bbox 451 1386 552 1423; x_wconf 87' lang='lat' dir='ltr'>latus</span> <span class='ocrx_word' id='word_1_100' title='bbox 582 1386 723 1423; x_wconf 86' lang='lat' dir='ltr'>essedo</span> <span class='ocrx_word' id='word_1_101' title='bbox 753 1398 900 1431; x_wconf 85' lang='lat' dir='ltr'>cursus,</span> 
     </span>
    </p>

    <p class='ocr_par' dir='ltr' id='par_1_16' title="bbox 91 1449 974 1503">
     <span class='ocr_line' id='line_1_20' title="bbox 91 1449 974 1503; baseline -0.005 -12"><span class='ocrx_word' id='word_1_102' title='bbox 91 1461 130 1491; x_wconf 89' lang='lat' dir='ltr'>et</span> <span class='ocrx_word' id='word_1_103' title='bbox 159 1452 199 1490; x_wconf 90' lang='lat' dir='ltr'>in</span> <span class='ocrx_word' id='word_1_104' title='bbox 228 1452 427 1503; x_wconf 91' lang='lat' dir='ltr'>profundo</span> <span class='ocrx_word' id='word_1_105' title='bbox 456 1463 620 1489; x_wconf 87' lang='lat' dir='ltr'>somnus</span> <span class='ocrx_word' id='word_1_106' title='bbox 649 1458 688 1488; x_wconf 90' lang='lat' dir='ltr'>et</span> <span class='ocrx_word' id='word_1_107' title='bbox 717 1450 828 1500; x_wconf 86' lang='lat' dir='ltr'>quies</span> <span class='ocrx_word' id='word_1_108' title='bbox 858 1449 974 1487; x_wconf 89' lang='lat' dir='ltr'>nullis</span> 
     </span>
    </p>

    <p class='ocr_par' dir='ltr' id='par_1_17' title="bbox 92 1514 1431 1627">
     <span class='ocr_line' id='line_1_21' title="bbox 92 1514 1431 1567; baseline -0.004 -11"><span class='ocrx_word' id='word_1_109' title='bbox 92 1519 244 1557; x_wconf 85' lang='lat' dir='ltr'>offensa</span> <span class='ocrx_word' id='word_1_110' title='bbox 271 1516 425 1567; x_wconf 85' lang='lat' dir='ltr'>linguis,</span> <span class='ocrx_word' id='word_1_111' title='bbox 458 1529 533 1554; x_wconf 91' lang='lat' dir='ltr'>nec</span> <span class='ocrx_word' id='word_1_112' title='bbox 562 1515 647 1554; x_wconf 86' lang='lat' dir='ltr'>dies</span> <span class='ocrx_word' id='word_1_113' title='bbox 676 1514 751 1553; x_wconf 90' lang='lat' dir='ltr'>nisi</span> <span class='ocrx_word' id='word_1_114' title='bbox 779 1514 987 1553; x_wconf 86' lang='lat' dir='ltr'>admissus.</span> <span class='ocrx_word' id='word_1_115' title='bbox 1394 1530 1431 1561; x_wconf 63' lang='grc' dir='ltr'>ας,</span> 
     </span>
     <span class='ocr_line' id='line_1_22' title="bbox 93 1580 909 1627; baseline -0.006 -5"><span class='ocrx_word' id='word_1_116' title='bbox 93 1597 166 1623; x_wconf 87' lang='lat' dir='ltr'>nos</span> <span class='ocrx_word' id='word_1_117' title='bbox 195 1581 433 1621; x_wconf 86' lang='lat' dir='ltr'>transeuntis</span> <span class='ocrx_word' id='word_1_118' title='bbox 462 1581 561 1619; x_wconf 86' lang='lat' dir='ltr'>risus</span> <span class='ocrx_word' id='word_1_119' title='bbox 590 1580 733 1619; x_wconf 85' lang='lat' dir='ltr'>excitat</span> <span class='ocrx_word' id='word_1_120' title='bbox 761 1580 909 1627; x_wconf 85' lang='lat' dir='ltr'>turbae,</span> 
     </span>
    </p>
   </div>
   <div class='ocr_carea' id='block_1_5' title="bbox 93 1644 1018 1760">
    <p class='ocr_par' dir='ltr' id='par_1_18' title="bbox 93 1644 1018 1760">
     <span class='ocr_line' id='line_1_23' title="bbox 93 1644 984 1688; baseline -0.006 0"><span class='ocrx_word' id='word_1_121' title='bbox 93 1657 131 1688; x_wconf 90' lang='lat' dir='ltr'>et</span> <span class='ocrx_word' id='word_1_122' title='bbox 159 1650 211 1688; x_wconf 91' lang='lat' dir='ltr'>ad</span> <span class='ocrx_word' id='word_1_123' title='bbox 241 1647 371 1687; x_wconf 88' lang='lat' dir='ltr'>cubile</span> <span class='ocrx_word' id='word_1_124' title='bbox 400 1654 459 1685; x_wconf 89' lang='lat' dir='ltr'>est</span> <span class='ocrx_word' id='word_1_125' title='bbox 490 1648 630 1685; x_wconf 90' lang='lat' dir='ltr'>Roma.</span> <span class='ocrx_word' id='word_1_126' title='bbox 689 1645 844 1684; x_wconf 89' lang='lat' dir='ltr'>Taedio</span> <span class='ocrx_word' id='word_1_127' title='bbox 873 1644 984 1683; x_wconf 86' lang='lat' dir='ltr'>fessis</span> 
     </span>
     <span class='ocr_line' id='line_1_24' title="bbox 94 1708 1018 1760; baseline -0.005 -10"><span class='ocrx_word' id='word_1_128' title='bbox 94 1711 264 1750; x_wconf 88' lang='lat' dir='ltr'>dormire</span> <span class='ocrx_word' id='word_1_129' title='bbox 294 1710 477 1760; x_wconf 87' lang='lat' dir='ltr'>quotiens</span> <span class='ocrx_word' id='word_1_130' title='bbox 506 1708 631 1756; x_wconf 90' lang='lat' dir='ltr'>libuit,</span> <span class='ocrx_word' id='word_1_131' title='bbox 663 1708 765 1747; x_wconf 83' lang='lat' dir='ltr'>imus</span> <span class='ocrx_word' id='word_1_132' title='bbox 795 1709 846 1746; x_wconf 87' lang='lat' dir='ltr'>ad</span> <span class='ocrx_word' id='word_1_133' title='bbox 875 1708 1018 1746; x_wconf 89' lang='lat' dir='ltr'>villam.</span> 
     </span>
    </p>
   </div>
   <div class='ocr_carea' id='block_1_6' title="bbox 618 1798 691 1835">
    <p class='ocr_par' dir='ltr' id='par_1_19' title="bbox 618 1798 691 1835">
     <span class='ocr_line' id='line_1_25' title="bbox 618 1798 691 1835; baseline -0.014 0"><span class='ocrx_word' id='word_1_134' title='bbox 618 1798 691 1835; x_wconf 90' lang='lat' dir='ltr'>LX</span> 
     </span>
    </p>
   </div>
   <div class='ocr_carea' id='block_1_7' title="bbox 96 1866 1257 2121">
    <p class='ocr_par' dir='ltr' id='par_1_20' title="bbox 96 1866 1257 1989">
     <span class='ocr_line' id='line_1_26' title="bbox 96 1866 1257 1917; baseline -0.006 -7"><span class='ocrx_word' id='word_1_135' title='bbox 96 1871 234 1910; x_wconf 86' lang='lat' dir='ltr'>Martis</span> <span class='ocrx_word' id='word_1_136' title='bbox 263 1872 423 1908; x_wconf 87' lang='lat' dir='ltr'>alumne</span> <span class='ocrx_word' id='word_1_137' title='bbox 452 1868 548 1916; x_wconf 87' lang='lat' dir='ltr'>dies,</span> <span class='ocrx_word' id='word_1_138' title='bbox 579 1881 732 1907; x_wconf 86' lang='lat' dir='ltr'>roseam</span> <span class='ocrx_word' id='word_1_139' title='bbox 763 1880 843 1917; x_wconf 87' lang='lat' dir='ltr'>quo</span> <span class='ocrx_word' id='word_1_140' title='bbox 872 1868 1057 1917; x_wconf 89' lang='lat' dir='ltr'>lampada</span> <span class='ocrx_word' id='word_1_141' title='bbox 1086 1866 1257 1917; x_wconf 90' lang='lat' dir='ltr'>primum</span> 
     </span>
     <span class='ocr_line' id='line_1_27' title="bbox 149 1932 944 1989; baseline -0.009 -12"><span class='ocrx_word' id='word_1_142' title='bbox 149 1950 372 1989; x_wconf 75' lang='lat' dir='ltr'>magnaque</span> <span class='ocrx_word' id='word_1_143' title='bbox 401 1935 544 1974; x_wconf 86' lang='lat' dir='ltr'>siderei</span> <span class='ocrx_word' id='word_1_144' title='bbox 572 1934 743 1973; x_wconf 86' lang='lat' dir='ltr'>vidimus</span> <span class='ocrx_word' id='word_1_145' title='bbox 773 1947 841 1972; x_wconf 90' lang='lat' dir='ltr'>ora</span> <span class='ocrx_word' id='word_1_146' title='bbox 870 1932 944 1980; x_wconf 88' lang='lat' dir='ltr'>dei,</span> 
     </span>
    </p>

    <p class='ocr_par' dir='ltr' id='par_1_21' title="bbox 96 1998 1057 2121">
     <span class='ocr_line' id='line_1_28' title="bbox 96 1998 1057 2050; baseline -0.009 -6"><span class='ocrx_word' id='word_1_147' title='bbox 96 2006 126 2044; x_wconf 88' lang='lat' dir='ltr'>si</span> <span class='ocrx_word' id='word_1_148' title='bbox 157 2012 195 2043; x_wconf 88' lang='lat' dir='ltr'>te</span> <span class='ocrx_word' id='word_1_149' title='bbox 224 2017 311 2042; x_wconf 92' lang='lat' dir='ltr'>rure</span> <span class='ocrx_word' id='word_1_150' title='bbox 341 2001 417 2040; x_wconf 91' lang='lat' dir='ltr'>coli</span> <span class='ocrx_word' id='word_1_151' title='bbox 446 2000 659 2050; x_wconf 84' lang='lat' dir='ltr'>viridisque</span> <span class='ocrx_word' id='word_1_152' title='bbox 687 1998 854 2050; x_wconf 86' lang='lat' dir='ltr'>pudebit</span> <span class='ocrx_word' id='word_1_153' title='bbox 883 1999 934 2036; x_wconf 90' lang='lat' dir='ltr'>ad</span> <span class='ocrx_word' id='word_1_154' title='bbox 962 2011 1057 2044; x_wconf 80' lang='lat' dir='ltr'>aras,</span> 
     </span>
     <span class='ocr_line' id='line_1_29' title="bbox 151 2063 1022 2121; baseline -0.009 -12"><span class='ocrx_word' id='word_1_155' title='bbox 151 2070 219 2121; x_wconf 83' lang='lat' dir='ltr'>qui</span> <span class='ocrx_word' id='word_1_156' title='bbox 247 2071 375 2108; x_wconf 88' lang='lat' dir='ltr'>fueras</span> <span class='ocrx_word' id='word_1_157' title='bbox 406 2067 520 2106; x_wconf 86' lang='lat' dir='ltr'>Latia</span> <span class='ocrx_word' id='word_1_158' title='bbox 548 2068 676 2105; x_wconf 88' lang='lat' dir='ltr'>cultus</span> <span class='ocrx_word' id='word_1_159' title='bbox 706 2065 746 2104; x_wconf 91' lang='lat' dir='ltr'>in</span> <span class='ocrx_word' id='word_1_160' title='bbox 776 2065 873 2103; x_wconf 92' lang='lat' dir='ltr'>urbe</span> <span class='ocrx_word' id='word_1_161' title='bbox 903 2063 1022 2102; x_wconf 88' lang='lat' dir='ltr'>mihi:</span> 
     </span>
    </p>
   </div>
   <div class='ocr_carea' id='block_1_8' title="bbox 99 2165 1437 2479">
    <p class='ocr_par' dir='ltr' id='par_1_22' title="bbox 99 2165 1437 2479">
     <span class='ocr_line' id='line_1_30' title="bbox 143 2165 1436 2215; baseline -0.01 -8"><span class='ocrx_word' id='word_1_162' title='bbox 143 2187 160 2215; x_wconf 90' lang='lat'><strong>7</strong></span> <span class='ocrx_word' id='word_1_163' title='bbox 185 2176 241 2206; x_wconf 86' lang='lat' dir='ltr'>hic</span> <span class='ocrx_word' id='word_1_164' title='bbox 256 2175 316 2206; x_wconf 77' lang='lat' dir='ltr'>AA</span> <span class='ocrx_word' id='word_1_165' title='bbox 434 2183 456 2212; x_wconf 88' lang='grc'>9</span> <span class='ocrx_word' id='word_1_166' title='bbox 480 2172 609 2212; x_wconf 83' lang='lat' dir='ltr'>palucis</span> <span class='ocrx_word' id='word_1_167' title='bbox 626 2169 875 2202; x_wconf 75' lang='lat' dir='ltr'>Friedlaender:</span> <span class='ocrx_word' id='word_1_168' title='bbox 900 2169 1060 2208; x_wconf 87' lang='lat' dir='ltr'>pollicent</span> <span class='ocrx_word' id='word_1_169' title='bbox 1077 2167 1136 2197; x_wconf 65' lang='grc' dir='ltr'>ΑΛ</span> <span class='ocrx_word' id='word_1_170' title='bbox 1153 2178 1160 2197; x_wconf 77' lang='lat' dir='ltr'><em>z</em></span> <span class='ocrx_word' id='word_1_171' title='bbox 1185 2166 1319 2206; x_wconf 86' lang='lat' dir='ltr'>paludis</span> <span class='ocrx_word' id='word_1_172' title='bbox 1329 2165 1436 2195; x_wconf 73' lang='grc' dir='ltr'>ΒΑΕΑ</span> 
     </span>
     <span class='ocr_line' id='line_1_31' title="bbox 103 2209 1434 2260; baseline -0.009 -10"><span class='ocrx_word' id='word_1_173' title='bbox 103 2230 140 2250; x_wconf 83' lang='lat'>10</span> <span class='ocrx_word' id='word_1_174' title='bbox 163 2219 267 2260; x_wconf 84' lang='lat' dir='ltr'>suste]</span> <span class='ocrx_word' id='word_1_175' title='bbox 286 2223 384 2249; x_wconf 89' lang='lat' dir='ltr'>ueste</span> <span class='ocrx_word' id='word_1_176' title='bbox 406 2217 462 2247; x_wconf 73' lang='lat' dir='ltr'>BA</span> <span class='ocrx_word' id='word_1_177' title='bbox 498 2242 503 2248; x_wconf 84' lang='lat'><strong><em>.</em></strong></span> <span class='ocrx_word' id='word_1_178' title='bbox 589 2225 629 2255; x_wconf 84' lang='lat'>13</span> <span class='ocrx_word' id='word_1_179' title='bbox 653 2225 744 2245; x_wconf 88' lang='lat' dir='ltr'>mare</span> <span class='ocrx_word' id='word_1_180' title='bbox 767 2213 822 2243; x_wconf 75' lang='grc' dir='ltr'>ΒΑ</span> <span class='ocrx_word' id='word_1_181' title='bbox 958 2222 995 2250; x_wconf 84' lang='lat'>15</span> <span class='ocrx_word' id='word_1_182' title='bbox 1017 2215 1092 2252; x_wconf 65' lang='lat' dir='ltr'>post</span> <span class='ocrx_word' id='word_1_183' title='bbox 1115 2222 1144 2242; x_wconf 86' lang='lat' dir='ltr'>v.</span> <span class='ocrx_word' id='word_1_184' title='bbox 1173 2211 1211 2240; x_wconf 84' lang='lat'>18</span> <span class='ocrx_word' id='word_1_185' title='bbox 1235 2209 1289 2238; x_wconf 78' lang='grc' dir='ltr'>ΒΑ</span> <span class='ocrx_word' id='word_1_186' title='bbox 1379 2209 1434 2247; x_wconf 80' lang='lat' dir='ltr'>qui</span> 
     </span>
     <span class='ocr_line' id='line_1_32' title="bbox 99 2252 1435 2297; baseline -0.009 -3"><span class='ocrx_word' id='word_1_187' title='bbox 99 2264 173 2295; x_wconf 77' lang='lat' dir='ltr'>Ital.</span> <span class='ocrx_word' id='word_1_188' title='bbox 300 2263 339 2292; x_wconf 86' lang='lat'>16</span> <span class='ocrx_word' id='word_1_189' title='bbox 362 2261 478 2291; x_wconf 82' lang='lat' dir='ltr'>dicent</span> <span class='ocrx_word' id='word_1_190' title='bbox 502 2261 553 2291; x_wconf 78' lang='lat' dir='ltr'>CA</span> <span class='ocrx_word' id='word_1_191' title='bbox 689 2268 725 2297; x_wconf 93' lang='lat'>17</span> <span class='ocrx_word' id='word_1_192' title='bbox 754 2258 848 2288; x_wconf 84' lang='lat' dir='ltr'>Luna</span> <span class='ocrx_word' id='word_1_193' title='bbox 866 2267 932 2288; x_wconf 80' lang='lat' dir='ltr'>om.</span> <span class='ocrx_word' id='word_1_194' title='bbox 948 2256 1004 2287; x_wconf 71' lang='lat' dir='ltr'>BA</span> <span class='ocrx_word' id='word_1_195' title='bbox 1128 2255 1166 2284; x_wconf 88' lang='lat'>18</span> <span class='ocrx_word' id='word_1_196' title='bbox 1191 2253 1283 2284; x_wconf 87' lang='lat' dir='ltr'>necis</span> <span class='ocrx_word' id='word_1_197' title='bbox 1309 2256 1347 2282; x_wconf 79' lang='lat' dir='ltr'>ut</span> <span class='ocrx_word' id='word_1_198' title='bbox 1371 2252 1435 2283; x_wconf 84' lang='lat' dir='ltr'>vid.</span> 
     </span>
     <span class='ocr_line' id='line_1_33' title="bbox 102 2297 1437 2346; baseline -0.01 -8"><span class='ocrx_word' id='word_1_199' title='bbox 102 2308 150 2338; x_wconf 78' lang='grc' dir='ltr'>(Ἃ</span> <span class='ocrx_word' id='word_1_200' title='bbox 296 2316 335 2346; x_wconf 89' lang='lat'>19</span> <span class='ocrx_word' id='word_1_201' title='bbox 360 2304 531 2345; x_wconf 85' lang='lat' dir='ltr'>petilianis</span> <span class='ocrx_word' id='word_1_202' title='bbox 549 2303 624 2334; x_wconf 73' lang='lat' dir='ltr'>BA:</span> <span class='ocrx_word' id='word_1_203' title='bbox 650 2302 834 2342; x_wconf 82' lang='lat' dir='ltr'>petinianis</span> <span class='ocrx_word' id='word_1_204' title='bbox 853 2301 902 2331; x_wconf 69' lang='lat' dir='ltr'>CA</span> <span class='ocrx_word' id='word_1_205' title='bbox 1035 2309 1076 2328; x_wconf 87' lang='lat'>22</span> <span class='ocrx_word' id='word_1_206' title='bbox 1099 2298 1186 2329; x_wconf 87' lang='lat' dir='ltr'>colle</span> <span class='ocrx_word' id='word_1_207' title='bbox 1210 2297 1286 2327; x_wconf 70' lang='lat' dir='ltr'>BA:</span> <span class='ocrx_word' id='word_1_208' title='bbox 1321 2301 1437 2326; x_wconf 85' lang='lat' dir='ltr'>monte</span> 
     </span>
     <span class='ocr_line' id='line_1_34' title="bbox 102 2339 1432 2387; baseline -0.01 -5"><span class='ocrx_word' id='word_1_209' title='bbox 102 2351 151 2382; x_wconf 68' lang='lat' dir='ltr'>CA</span> <span class='ocrx_word' id='word_1_210' title='bbox 309 2359 349 2387; x_wconf 80' lang='lat'>23</span> <span class='ocrx_word' id='word_1_211' title='bbox 375 2349 461 2379; x_wconf 85' lang='lat' dir='ltr'>latus</span> <span class='ocrx_word' id='word_1_212' title='bbox 485 2348 560 2378; x_wconf 75' lang='lat' dir='ltr'>BA:</span> <span class='ocrx_word' id='word_1_213' title='bbox 585 2347 720 2378; x_wconf 84' lang='lat' dir='ltr'>clausus</span> <span class='ocrx_word' id='word_1_214' title='bbox 746 2346 795 2376; x_wconf 68' lang='lat' dir='ltr'>CA</span> <span class='ocrx_word' id='word_1_215' title='bbox 951 2354 992 2382; x_wconf 90' lang='lat'>27</span> <span class='ocrx_word' id='word_1_216' title='bbox 1018 2343 1126 2374; x_wconf 89' lang='lat' dir='ltr'>cubile</span> <span class='ocrx_word' id='word_1_217' title='bbox 1143 2346 1271 2371; x_wconf 89' lang='lat' dir='ltr'>stroma</span> <span class='ocrx_word' id='word_1_218' title='bbox 1298 2339 1346 2369; x_wconf 70' lang='lat' dir='ltr'>CA</span> <span class='ocrx_word' id='word_1_219' title='bbox 1361 2339 1395 2377; x_wconf 77' lang='lat' dir='ltr'>(i.</span> <span class='ocrx_word' id='word_1_220' title='bbox 1408 2350 1432 2369; x_wconf 85' lang='lat' dir='ltr'>e.</span> 
     </span>
     <span class='ocr_line' id='line_1_35' title="bbox 101 2383 1435 2433; baseline -0.009 -8"><span class='ocrx_word' id='word_1_221' title='bbox 101 2394 243 2426; x_wconf 81' lang='lat' dir='ltr'>cubilest</span> <span class='ocrx_word' id='word_1_222' title='bbox 262 2394 372 2423; x_wconf 84' lang='lat' dir='ltr'>Roma</span> <span class='ocrx_word' id='word_1_223' title='bbox 383 2393 408 2433; x_wconf 71' lang='lat'>3)</span> <span class='ocrx_word' id='word_1_224' title='bbox 719 2390 781 2419; x_wconf 91' lang='lat' dir='ltr'>LX</span> <span class='ocrx_word' id='word_1_225' title='bbox 808 2399 821 2418; x_wconf 95' lang='lat'>1</span> <span class='ocrx_word' id='word_1_226' title='bbox 847 2388 937 2427; x_wconf 83' lang='lat' dir='ltr'>quod</span> <span class='ocrx_word' id='word_1_227' title='bbox 963 2387 1011 2418; x_wconf 77' lang='lat' dir='ltr'>CA</span> <span class='ocrx_word' id='word_1_228' title='bbox 1164 2394 1183 2423; x_wconf 84' lang='lat'><strong>3</strong></span> <span class='ocrx_word' id='word_1_229' title='bbox 1209 2384 1337 2424; x_wconf 82' lang='lat' dir='ltr'>pigebit</span> <span class='ocrx_word' id='word_1_230' title='bbox 1360 2383 1435 2413; x_wconf 70' lang='lat' dir='ltr'>BA:</span> 
     </span>
     <span class='ocr_line' id='line_1_36' title="bbox 101 2434 646 2479; baseline -0.009 -10"><span class='ocrx_word' id='word_1_231' title='bbox 101 2438 242 2479; x_wconf 87' lang='lat' dir='ltr'>pudebit</span> <span class='ocrx_word' id='word_1_232' title='bbox 267 2437 316 2468; x_wconf 73' lang='lat' dir='ltr'>CA</span> <span class='ocrx_word' id='word_1_233' title='bbox 449 2437 491 2466; x_wconf 86' lang='lat' dir='ltr'>ad</span> <span class='ocrx_word' id='word_1_234' title='bbox 510 2445 576 2465; x_wconf 86' lang='lat' dir='ltr'>om.</span> <span class='ocrx_word' id='word_1_235' title='bbox 599 2434 646 2465; x_wconf 71' lang='lat' dir='ltr'>CA</span> 
     </span>
    </p>
   </div>
  </div>
 </body>
</html>
