1648 2729
123 139 179 175 M.
211 138 334 175 VAL.
367 138 682 177 MARTIALIS

122 258 229 296 nuda
257 259 398 297 recede
427 260 593 307 Venus3
630 272 711 297 non
742 266 799 297 est
829 267 919 298 tuus
949 259 1021 298 iste
1051 259 1229 299 libellus:

176 331 218 361 tu
249 323 356 371 mihi,
387 331 429 362 tu
460 325 587 363 Pallas
618 325 865 373 Caesariana,
896 325 996 364 veni.

659 447 702 484 II

231 517 439 554 Fastorum
468 515 622 566 genitor
650 529 873 566 parensque
904 518 1025 555 Ianus

229 581 418 620 victorem
448 582 570 620 modo
599 595 691 620 cum
720 581 871 620 videret
901 582 1038 629 Histri,

230 654 288 685 tot
316 647 446 685 vultus
476 646 551 685 sibi
579 660 661 685 non
691 646 783 686 satis
812 647 963 697 putavit

231 711 460 761 optavitque
490 713 627 750 oculos
656 712 802 750 habere
830 713 989 762 plures:

231 784 269 815 et
298 776 432 826 lingua
459 776 602 827 pariter
629 778 785 815 locutus
814 777 924 816 omni
1442 797 1458 827 5

231 849 419 880 terrarum
449 841 615 881 domino
644 843 802 893 deoque
831 856 961 881 rerum

230 906 411 957 promisit
440 907 590 958 Pyliam
621 915 758 958 quater
787 916 998 946 senectam.

232 973 382 1020 Addas,
415 974 512 1012 Iane
541 980 661 1024 pater,
693 981 801 1012 tuam
831 986 1025 1024 rogamus.

652 1096 719 1133 ΙΙΙ

127 1170 338 1221 ‘Quinque
368 1170 460 1210 satis
488 1172 665 1209 fuerant:
704 1185 796 1209 nam
827 1184 894 1209 sex
922 1178 1123 1221 septemve
1151 1170 1273 1210 libelli

179 1244 237 1274 est
266 1235 458 1274 nimium:
498 1236 594 1286 quid
623 1237 755 1275 adhuc
784 1237 931 1283 ludere,
965 1238 1096 1284 Musa,
1127 1235 1265 1275 iuvat?

125 1301 173 1339 sit
202 1302 331 1351 pudor
359 1309 398 1340 et
427 1301 539 1340 finis:
577 1301 654 1340 iam
685 1303 773 1352 plus
802 1301 899 1340 nihil
928 1302 1076 1340 addere
1104 1301 1220 1340 nobis

178 1367 283 1404 fama
312 1374 464 1417 potest:
503 1366 639 1406 teritur
667 1375 801 1406 noster
829 1367 978 1417 ubique
1007 1366 1105 1406 liber
1118 1381 1129 1415 3

125 1440 163 1470 et
193 1445 284 1470 cum
313 1440 427 1483 rupta
456 1432 532 1471 situ
563 1434 760 1471 Messalae
789 1446 880 1471 saxa
909 1432 1096 1470 iacebunt
1446 1449 1464 1480 5

179 1499 337 1547 altaque
366 1511 457 1536 cum
488 1497 615 1536 Licini
645 1511 841 1536 marmora
869 1497 996 1547 pulvis
1026 1504 1151 1544 erunt,

127 1576 189 1601 me
218 1571 352 1601 tamen
382 1576 450 1601 ora
477 1564 609 1613 legent
638 1570 676 1601 et
705 1576 840 1601 secum
869 1562 1061 1613 plurimus
1091 1564 1236 1613 hospes

178 1628 229 1666 ad
259 1627 402 1678 patrias
432 1629 545 1667 sedes
575 1627 749 1666 carmina
778 1635 911 1666 nostra
939 1629 1060 1666 feret.'

128 1692 334 1740 Finieram,
366 1706 457 1731 cum
488 1693 543 1731 sic
571 1693 777 1743 respondit
805 1706 912 1731 nona
947 1706 1136 1739 sororum,

180 1757 243 1796 cui
273 1771 388 1796 coma
417 1765 455 1796 et
484 1766 687 1808 unguento
717 1757 877 1796 sordida
904 1757 1022 1796 vestis
1051 1765 1158 1796 erat:
1427 1774 1466 1795 10

128 1824 269 1861 ‘Tune
298 1830 411 1873 potes
442 1823 578 1870 dulcis,
611 1823 771 1873 ingrate,
803 1821 1024 1872 relinquere
1054 1824 1208 1872 nugas?

181 1888 245 1927 dic
276 1887 383 1935 mihi,
415 1888 511 1938 quid
542 1888 681 1926 melius
711 1888 934 1927 desidiosus
963 1889 1087 1938 ages?

126 1967 176 1992 an
206 1953 312 1991 iuvat
340 1954 391 1991 ad
421 1953 588 2003 tragicos
617 1967 780 1992 soccum
810 1954 1016 1991 transferre
1046 1953 1261 1991 cothurnos

181 2031 319 2068 aspera
348 2019 408 2056 vel
438 2018 597 2068 paribus
628 2018 731 2057 bella
759 2026 895 2057 tonare
925 2017 1065 2064 modis,

128 2084 323 2133 praelegat
352 2090 395 2121 ut
424 2083 599 2122 tumidus
628 2097 745 2122 rauca
774 2091 812 2121 te
840 2096 938 2121 voce
967 2082 1152 2132 magister
1409 2098 1436 2131 ,ι
1445 2099 1462 2130 5

183 2148 309 2186 oderit
339 2156 376 2187 et
405 2148 562 2198 grandis
592 2148 699 2198 virgo
729 2148 939 2198 bonusque
968 2149 1096 2198 puer?

174 2252 205 2282 11
231 2262 250 2282 2
274 2252 371 2282 histri
389 2252 444 2283 ΒΑ
462 2264 469 2283 :
493 2252 600 2283 histro
619 2251 669 2282 CA
780 2261 798 2290 7
822 2256 922 2291 pater
939 2250 988 2282 CA
1007 2250 1058 2292 (cf
1076 2261 1106 2282 v.
1125 2250 1159 2287 8)
1279 2251 1300 2280 8
1316 2260 1399 2281 sane
1417 2250 1464 2281 CA

174 2296 223 2326 III
249 2296 322 2327 hab.
345 2296 375 2326 T
459 2306 478 2326 2
495 2294 562 2335 est]
577 2300 611 2326 et
629 2295 678 2326 CA
779 2305 798 2333 4
817 2294 1071 2335 potestpoterit
1081 2304 1114 2325 n.
1129 2293 1178 2324 CA
1267 2294 1288 2323 6
1306 2293 1399 2325 linici
1417 2294 1466 2324 T:

131 2339 243 2370 licinia
256 2339 334 2370 BA:
359 2338 417 2369 lini
437 2339 485 2369 CA
593 2348 630 2369 11
657 2343 754 2378 potes
772 2338 878 2380 (XV;
903 2338 938 2378 cs:
957 2337 1004 2377 Β)
1021 2338 1072 2368 vel
1084 2337 1128 2368 -is
1146 2336 1242 2378 (EA)
1261 2336 1310 2368 CA
1426 2347 1466 2368 12

130 2383 186 2422 qui
209 2383 238 2413 T
252 2383 381 2422 (etfort.
401 2382 477 2422 ΑΛ)
583 2383 683 2423 ages]
702 2382 788 2413 cites
809 2382 869 2412 AA
887 2393 894 2412 :
918 2381 992 2421 agis
1011 2381 1058 2412 CA
1194 2390 1234 2420 13
1258 2385 1384 2411 annuat
1402 2403 1410 2410 .
1429 2404 1436 2411 .
1455 2406 1461 2412 .

131 2427 275 2457 transire
293 2426 353 2456 ΑΛ
467 2436 504 2464 14
529 2427 682 2466 patribus
699 2425 755 2456 BA
873 2434 912 2465 15
937 2423 990 2466 ut]
1007 2425 1043 2456 in
1063 2424 1094 2457 T
1203 2425 1244 2455 16
1266 2434 1332 2464 que
1348 2433 1419 2456 om.
1438 2423 1469 2455 T
