1648 2729
500 162 682 200 INDEX
720 164 1191 206 EPIGRAMMATON

243 274 352 305 Nemo
371 284 458 305 nova
476 275 575 306 caluit
594 276 642 306 sic
660 276 888 308 inflammatus
904 279 1011 309 amica
1056 279 1101 316 X,
1119 280 1173 312 86.

242 318 395 358 Nequius
413 330 432 349 a
448 319 537 349 Caro
555 320 641 349 nihil
658 331 825 361 umquam,
847 322 1006 361 Maxime,
1027 323 1151 354 factum
1168 329 1220 355 est
1266 324 1311 363 X,
1331 335 1383 364 77.

242 361 367 392 Nescio
386 367 451 392 tam
470 364 583 394 multis
600 363 680 403 quid
698 365 833 404 scribas,
856 366 989 405 Fauste,
1007 368 1130 406 puellis
1176 368 1238 407 XI,
1256 370 1309 408 64.

244 406 371 445 Nescit,
391 407 492 436 crede
510 407 604 444 mihi,
621 408 700 446 quid
718 409 788 439 sint
805 410 1058 449 epigrammata,
1080 412 1199 442 Flacce
1245 411 1302 450 IV,
1318 424 1371 452 49.

244 449 362 480 Nescit
379 450 431 480 cui
449 451 583 481 dederit
596 451 734 489 Tyriam
752 453 932 492 Crispinus
948 454 1093 485 abollam
1138 455 1232 496 VIII,
1251 457 1305 495 48.

243 493 336 523 Nihil
353 493 533 525 Ammiano
550 499 687 534 praeter
703 496 831 526 aridam
852 502 975 527 restem
1023 497 1079 534 IV,
1101 509 1152 537 70.

243 536 337 567 Nihil
355 542 406 568 est
423 538 578 568 miserius
594 548 706 578 neque
723 540 875 578 gulosius
892 541 1015 572 Santra
1059 542 1136 582 VII,
1156 553 1208 574 20.

244 580 299 611 Nil
316 581 348 611 in
366 586 398 611 te
416 582 545 621 scripsi,
565 580 762 621 Bithynice.
809 584 961 615 Credere
979 596 1048 615 non
1066 587 1116 617 vis
1162 586 1242 625 XII,
1262 588 1314 626 78.

245 625 300 655 Nil
318 625 553 663 intemptatum
573 624 698 665 Selius,
718 627 764 657 nil
782 627 903 667 linquit
921 630 1076 660 inausum
1123 629 1170 670 II,
1191 641 1241 669 14.

244 669 299 698 Nil
317 669 476 699 lascivius
492 674 544 700 est
563 669 765 701 Charisiano
811 671 870 710 VI,
889 682 941 711 24.

246 712 301 742 Nil
319 712 399 742 mihi
417 714 477 743 das
494 714 591 743 vivus
609 724 615 751 ;
640 714 724 744 dicis
742 720 819 754 post
837 715 903 746 fata
921 717 1078 747 daturum
1125 716 1186 753 XI,
1198 719 1250 757 67.

246 756 300 786 Nil
319 758 443 787 recitas
460 762 493 787 et
508 757 570 788 vis.
590 757 770 795 Mamerce,
789 764 890 798 poeta
906 760 1013 790 videri
1062 760 1106 795 ΙΙ,
1122 761 1176 793 88.

247 800 301 830 Nil
320 801 379 830 tibi
395 801 519 839 legavit
539 801 671 833 Fabius.
693 801 884 841 Bithynice,
903 805 957 834 cui
974 809 1009 835 tu
1057 804 1116 844 IX,
1136 806 1166 835 8.

247 844 380 874 Nomen
400 855 473 874 cum
492 845 591 875 violis
608 846 762 885 rosisque
780 852 893 877 natum
941 847 1002 883 IX,
1026 858 1074 879 11.

248 888 381 918 Nomen
399 888 506 918 habes
524 888 633 919 teneri
651 890 740 928 quod
755 895 908 929 tempora
926 897 1099 932 nuncupat
1115 893 1196 922 anni
1243 892 1304 932 IX,
1329 903 1376 923 12.

247 932 324 962 Non
341 942 417 962 amo
435 936 479 970 te,
501 932 625 970 Sabidi,
646 944 708 964 nec
725 943 861 973 possum
879 935 994 965 dicere
1011 946 1116 975 quare
1153 936 1179 976 I,
1196 946 1249 974 32.

247 976 324 1006 Non
342 977 384 1006 de
401 976 500 1016 plebe
518 977 638 1006 domus
657 988 719 1007 nec
735 988 859 1008 avarae
875 989 983 1009 verna
1001 984 1149 1011 catastae
1194 980 1251 1020 VI,
1271 991 1324 1020 29.

248 1020 322 1050 Non
341 1020 383 1050 de
400 1020 431 1050 vi
450 1030 560 1059 neque
578 1021 681 1051 caede
698 1032 762 1051 nec
780 1032 914 1052 veneno
959 1022 1017 1062 VI,
1041 1033 1089 1062 19.

248 1064 321 1094 Non
339 1069 391 1093 est
408 1065 568 1094 mentitus
585 1065 640 1103 qui
658 1069 691 1094 te
709 1065 788 1094 mihi
806 1066 890 1096 dixit
907 1066 1033 1096 habere
1080 1067 1141 1107 XI,
1165 1078 1236 1100 102.

247 1107 323 1137 Non
342 1113 405 1145 est,
425 1107 548 1145 Tucca,
564 1108 646 1138 satis
662 1109 752 1146 quod
771 1119 808 1139 es
825 1109 962 1148 gulosus
1008 1110 1086 1149 XII,
1107 1122 1159 1149 41.

249 1151 326 1181 Non
344 1151 421 1181 facit
438 1152 479 1181 ad
497 1161 620 1181 saevos
637 1152 762 1191 cerviX,
782 1153 847 1182 nisi
864 1153 982 1193 prima,
1001 1154 1122 1185 leones
1168 1154 1193 1195 I,
1214 1165 1265 1194 51.

249 1195 327 1225 Non
346 1195 435 1225 horti
453 1205 562 1235 neque
580 1195 728 1235 palmitis
744 1196 834 1226 beati
879 1196 973 1237 VIII,
994 1209 1046 1236 40.

247 1239 323 1269 Non
343 1249 417 1269 mea
435 1238 606 1278 Massylus
623 1244 735 1270 servat
752 1240 903 1279 pomaria
919 1251 1064 1280 serpens
1111 1242 1154 1279 X,
1173 1253 1227 1281 94.

249 1283 326 1313 Non
347 1282 456 1313 omnis
473 1282 579 1313 nostri
596 1288 762 1314 nocturna
778 1288 829 1314 est
845 1284 970 1323 pagina
984 1285 1061 1315 libri
1107 1285 1168 1327 XI,
1192 1296 1240 1325 17.

249 1327 327 1357 Non
345 1337 407 1366 per
423 1327 565 1365 mystica
581 1336 676 1357 sacra
695 1327 928 1366 Dindymenes
973 1328 1068 1369 VIII,
1089 1330 1140 1360 81.

251 1371 329 1401 Non
348 1371 485 1409 plenum
505 1371 606 1401 modo
625 1371 729 1401 vicies
746 1371 897 1402 habebas
943 1371 968 1411 I,
989 1383 1041 1410 99.

252 1415 329 1445 Non
347 1414 443 1444 silice
461 1415 545 1444 duro
564 1414 750 1445 structilive
768 1421 946 1446 caemento
995 1415 1056 1456 IX,
1078 1426 1129 1456 75.

251 1459 330 1489 Non
347 1463 398 1489 tot
414 1459 448 1487 in
470 1458 548 1488 Eois
564 1458 674 1489 timuit
692 1459 899 1498 Gangeticus
916 1460 1005 1489 arvis
1050 1460 1144 1501 VIII,
1165 1463 1217 1492 26.

252 1502 331 1532 Non
349 1507 452 1533 totam
471 1501 564 1534 mihi.
582 1502 610 1532 si
626 1502 771 1535 vacabis,
789 1503 908 1533 horam
953 1503 993 1543 V,
1013 1504 1067 1535 80.

252 1546 329 1576 Non
347 1546 476 1576 urbana
489 1556 563 1575 mea
579 1550 707 1576 tantum
727 1546 916 1585 Pimpleide
934 1548 1082 1585 gaudent
1127 1547 1189 1588 XI,
1209 1558 1238 1587 3.

253 1590 410 1620 Nondum
430 1589 555 1619 murice
572 1590 680 1619 cultus
697 1600 888 1629 asperoque
934 1590 1030 1627 VIII,
1049 1601 1099 1630 72.

253 1633 326 1664 Nos
342 1633 485 1663 bibimus
500 1633 599 1672 vitro,
618 1638 653 1662 tu
672 1644 792 1671 murra,
813 1634 965 1665 Pontice.
1015 1635 1151 1673 Quare?
1199 1635 1256 1675 IV,
1275 1636 1327 1675 85.

255 1677 383 1707 Nosses
400 1677 536 1707 iocosae
553 1676 652 1707 dulce
672 1687 746 1707 cum
762 1687 892 1708 sacrum
914 1678 1033 1708 Florae
1080 1678 1105 1717 1,
1121 1679 1226 1719 praef.
1250 1680 1288 1709 18
1305 1690 1372 1719 sqq.

254 1721 352 1751 Nosti
371 1721 399 1751 si
416 1721 505 1750 bene
521 1720 688 1759 Caesium,
708 1721 821 1751 libelle
866 1721 943 1760 Vll,
958 1732 1009 1760 97.

255 1765 390 1795 Nostris
405 1765 561 1795 versibus
579 1774 653 1794 esse
671 1769 704 1794 te
722 1770 858 1804 poetam
903 1764 928 1803 Ι,
950 1776 1000 1804 72.

255 1809 355 1847 Note,
376 1808 453 1838 licet
471 1808 568 1847 nolis,
588 1808 722 1838 sublimi
740 1816 879 1847 pectore
896 1814 990 1839 vates
1036 1808 1098 1847 IX,
1116 1809 1186 1840 init.

256 1852 391 1882 Nubere
409 1852 513 1882 Paula
529 1852 623 1891 cupit
642 1852 750 1891 nobiS,
771 1863 835 1891 ego
854 1853 977 1882 ducere
996 1852 1130 1883 Paulam
1178 1853 1221 1890 X,
1239 1854 1269 1884 8.

257 1896 393 1926 Nubere
409 1896 461 1926 vis
479 1895 594 1926 Prisco
612 1907 618 1926 ε
642 1906 712 1925 non
730 1896 845 1935 miror,
867 1896 970 1926 Paula
988 1907 995 1935 ;
1019 1896 1139 1935 sapisti
1186 1896 1246 1932 ΙΧ,
1269 1907 1317 1928 10.

258 1940 360 1969 Nulla
376 1945 426 1970 est
443 1939 526 1969 hora
543 1939 601 1969 tibi
619 1949 685 1978 qua
703 1950 771 1969 non
789 1950 856 1977 me,
876 1940 998 1978 Phylli,
1020 1941 1190 1971 furentem
1237 1941 1299 1981 XI,
1321 1952 1371 1980 49.

258 1983 357 2013 Nulla
373 1983 530 2013 remisisti
549 1993 652 2022 parvo
670 1993 731 2022 pro
750 1994 890 2014 munere
908 1984 998 2014 dona
1045 1983 1102 2022 IV,
1121 1985 1174 2015 88.

257 2027 378 2057 Nullos
395 2037 472 2058 esse
489 2028 584 2064 deos,
601 2027 703 2057 inane
719 2028 848 2057 caelum
895 2027 952 2066 IV,
972 2037 1022 2058 21.

258 2071 393 2100 Nummi
412 2081 486 2101 cum
502 2071 562 2100 tibi
579 2071 648 2100 sint
666 2081 817 2110 opesque
835 2075 947 2101 tantae
993 2070 1072 2101 XII.
1092 2080 1142 2108 53.

258 2115 355 2144 Nunc
372 2115 506 2153 hilares,
528 2115 555 2144 si
571 2115 707 2153 quando
726 2114 820 2153 mihi,
840 2125 930 2144 nunc
947 2115 1064 2154 ludite,
1084 2114 1204 2145 Musae
1248 2115 1326 2155 VII,
1344 2116 1375 2146 8.

259 2158 439 2197 Nunquam
458 2158 593 2188 divitias
611 2158 695 2188 deos
713 2159 829 2197 rogavi
876 2158 934 2197 IV,
954 2169 1003 2197 77.

258 2202 438 2240 Nunquam
456 2212 508 2232 me
526 2211 677 2241 revocas,
696 2202 814 2232 venias
831 2211 904 2232 cum
922 2212 1027 2241 saepe
1043 2206 1186 2233 vocatus
1232 2201 1294 2240 ΙΙΙ,
1315 2213 1365 2241 27.

260 2246 441 2284 Nunquam
459 2255 496 2275 se
513 2255 653 2275 cenasse
671 2245 761 2275 domi
781 2245 877 2275 Philo
895 2245 991 2285 iurat,
1013 2250 1045 2275 et
1064 2246 1128 2276 hoc
1145 2250 1197 2276 est
1241 2245 1281 2285 V,
1302 2257 1354 2285 47.

260 2290 401 2319 Nuntiat
418 2295 570 2319 octavam
590 2289 734 2319 Phariae
753 2300 813 2319 sua
830 2289 924 2319 turba
941 2290 1105 2319 iuvencae
1151 2289 1194 2327 X,
1214 2290 1266 2328 48.

260 2333 379 2372 Nuper
397 2337 468 2363 erat
485 2333 646 2366 medicus.
666 2343 756 2363 nunc
774 2338 826 2363 est
843 2333 980 2372 vispillo
998 2333 1140 2363 Diaulus
1187 2332 1212 2372 Ι,
1232 2343 1284 2371 47.

262 2377 430 2415 Nympha,
451 2377 516 2406 mei
534 2376 661 2406 Stellae
678 2387 764 2415 quae
782 2377 876 2407 fonte
894 2377 1080 2407 domestica
1097 2387 1181 2415 puro
1226 2375 1285 2413 Vl,
1302 2386 1354 2415 47.

262 2420 421 2459 Nympha
437 2421 525 2450 sacri
543 2421 660 2459 regina
678 2421 781 2459 lacus,
802 2421 854 2450 cui
871 2425 967 2459 grata
985 2420 1130 2451 Sabinus
1177 2419 1239 2457 IX,
1256 2420 1309 2459 58.

264 2464 495 2503 Nympharum
514 2468 611 2503 pater
628 2465 854 2505 amniumque,
877 2464 1001 2494 Rhene
1048 2464 1092 2504 X,
1113 2474 1145 2502 7.

1639 2543 1648 2566 3-
1639 2439 1648 2530 *Ia-nm
1640 2359 1648 2419 ...η-
1634 2300 1648 2348 ab·
1641 2226 1648 2287 flu..
1643 2190 1648 2196 .
