1648 2729
758 177 1230 218 EPIGRAMMATON
1262 178 1366 216 LIB.
1398 179 1505 216 VIII

680 291 783 329 XIX

170 362 324 411 Pauper
352 359 476 399 videri
505 359 635 400 Cinna
663 362 746 400 vult
762 376 773 410 3
811 369 850 401 et
879 369 937 401 est
965 375 1126 413 pauper.

690 451 769 488 XX

169 520 274 559 Cum
303 519 423 559 facias
453 533 586 559 versus
615 522 723 559 nulla
752 534 833 560 non
862 522 951 560 luce
980 522 1170 569 ducenos,

222 586 337 633 Vare,
369 584 467 624 nihil
496 585 646 625 recitas.
706 587 801 625 Non
830 585 945 637 sapis,
976 594 1096 637 atque
1125 586 1240 638 sapis.

679 675 780 712 XXI

170 745 414 795 Phosphore,
445 745 568 784 redde
597 744 728 784 diem:
767 744 864 795 quid
892 745 1036 796 gaudia
1065 753 1198 784 nostra
1227 745 1419 784 moraris?

225 811 394 850 Caesare
422 817 600 858 venturo,
633 811 878 861 Phosphore,
910 812 1032 849 redde
1062 810 1180 850 diem.

170 877 303 914 Roma
330 883 451 926 rogat.
511 875 661 914 Placidi
691 875 887 926 numquid
917 883 955 915 te
983 875 1093 926 pigra
1122 878 1274 915 Bootae

224 942 396 992 plaustra
425 942 588 990 vehunt,
617 943 725 980 lento
755 943 865 992 quod
895 941 1012 980 nimis
1041 955 1113 980 axe
1141 941 1282 980 venis?

171 1008 331 1046 Ledaeo
359 1014 516 1058 poteras
545 1007 744 1046 abducere
774 1008 960 1057 Cyllaron
988 1014 1117 1046 astro:
1490 1024 1506 1054 5

223 1072 308 1123 ipse
336 1085 409 1111 suo
438 1073 554 1112 cedet
582 1086 690 1112 nunc
719 1072 790 1111 tibi
820 1073 962 1113 Castor
990 1086 1106 1123 equo.

171 1137 280 1187 Quid
309 1137 501 1189 cupidum
530 1138 675 1177 Titana
704 1140 845 1177 tenes?
893 1139 980 1176 Iam
1009 1139 1194 1177 Xanthus
1224 1145 1263 1177 et
1291 1139 1453 1177 Aethon

222 1205 332 1243 frena
360 1206 510 1252 volunt,
540 1204 673 1255 vigilat
703 1203 934 1243 Memnonis
963 1205 1068 1242 alma
1095 1217 1248 1255 parens.

170 1270 281 1308 tarda
310 1277 443 1308 tamen
474 1269 624 1309 nitidae
653 1283 735 1308 non
765 1271 913 1308 cedunt
943 1269 1071 1309 sidera
1099 1269 1188 1317 luci,

224 1342 263 1374 et
292 1335 400 1386 cupit
429 1335 655 1374 Ausonium
684 1337 779 1374 luna
806 1335 940 1374 videre
969 1336 1125 1374 ducem.
1471 1352 1509 1373 10

171 1401 269 1448 Iam,
302 1401 459 1449 Caesar,
490 1402 552 1440 vel
580 1408 699 1440 nocte
728 1400 842 1440 veni:
882 1407 986 1439 stent
1015 1408 1118 1439 astra
1145 1399 1292 1448 licebit,

224 1479 306 1505 non
335 1465 436 1505 derit
464 1467 614 1518 populo
645 1474 683 1505 te
711 1465 896 1505 veniente
925 1465 1021 1505 dies.

665 1561 792 1599 XXII

173 1632 321 1671 Invitas
349 1633 402 1671 ad
429 1646 581 1683 aprum,
612 1607 866 1683 ponis-mihi,
899 1630 1062 1679 Gallice,
1094 1644 1270 1681 porcum.

224 1698 392 1749 hybrida
420 1712 519 1746 sum,
550 1697 583 1737 si
611 1699 694 1746 das,
726 1697 888 1746 Gallice,
919 1697 1039 1736 verba
1073 1696 1181 1735 mihi.

656 1793 805 1830 XXIII

172 1865 270 1902 Esse
299 1862 371 1901 tibi
399 1862 537 1902 videor
564 1876 704 1901 saevus
732 1861 982 1912 nimiumque
1009 1862 1181 1912 gulosus,

225 1928 293 1978 qui
321 1937 481 1979 propter
507 1941 661 1975 cenam,
692 1926 870 1974 Rustice,
900 1928 1026 1965 caedo
1055 1939 1209 1965 cocum.

172 1993 204 2032 si
232 1993 328 2032 levis
357 1993 431 2032 ista
460 1992 532 2032 tibi
561 1994 772 2044 flagrorum
802 2005 921 2031 causa
949 1991 1114 2039 videtur,

226 2072 273 2098 ex
302 2072 381 2110 qua
408 2058 465 2098 vis
495 2072 614 2097 causa
641 2059 801 2109 vapulet
831 2071 923 2108 ergo
952 2059 1103 2096 cocus?

217 2163 286 2194 XX
309 2163 381 2194 hab.
400 2163 435 2193 R
526 2173 540 2193 1
567 2163 730 2193 ducentas
747 2162 781 2193 R
800 2162 877 2204 (pro
892 2161 1022 2202 -ntos2)
1040 2173 1047 2193 ε
1072 2162 1237 2193 ducentos
1252 2162 1283 2202 Q
1297 2163 1427 2203 (etfort.
1440 2163 1510 2204 BA)

173 2218 191 2237 2
211 2217 290 2238 vare
306 2207 422 2237 ΑΑΒΑ
439 2219 446 2238 :
470 2217 574 2247 quare
593 2206 642 2237 CA
828 2206 914 2237 XXI
939 2217 989 2237 vv.
1011 2216 1083 2245 1-4‚
1103 2216 1190 2245 9-12
1213 2207 1288 2237 lzab.
1315 2207 1364 2246 T;
1380 2217 1429 2238 vv.
1451 2218 1512 2238 1—2

172 2251 245 2282 hab.
266 2250 300 2280 R
388 2261 408 2288 4
432 2261 496 2281 axe
509 2250 591 2281 AA:
615 2250 696 2290 igne
705 2249 814 2280 BACA
903 2259 922 2289 5
946 2249 1076 2290 poteris
1095 2249 1144 2280 CA
1232 2250 1400 2281 abducere
1416 2251 1510 2291 (EA)

172 2294 224 2326 vcl
235 2294 316 2325 add·
334 2293 462 2336 (XBC)
483 2294 531 2325 CA
674 2295 695 2324 6
719 2298 799 2324 tunc
818 2293 867 2324 CA
999 2304 1016 2333 7
1043 2298 1076 2324 et
1092 2303 1157 2325 om.
1179 2294 1228 2324 CA
1250 2294 1328 2334 (per
1340 2294 1507 2336 haplogr.)

173 2339 193 2369 8
218 2338 359 2377 uigilant
371 2338 421 2369 CA
512 2347 552 2368 10
574 2336 672 2379 luna]
686 2348 779 2368 roma
796 2337 825 2367 T
841 2337 970 2377 (etfori.
983 2336 1058 2377 ΛΑ)
1129 2338 1303 2368 ausoniam
1321 2362 1328 2369 .
1350 2362 1356 2369 .
1375 2362 1382 2369 .
1401 2339 1511 2369 lucem

173 2381 230 2412 BA
314 2392 350 2412 11
370 2381 468 2412 uenis
484 2386 582 2412 tenet
597 2381 645 2412 T:
661 2381 742 2412 ueni
761 2382 822 2421 (L)
837 2381 888 2411 vel
900 2382 981 2412 ueni
994 2380 1063 2412 sint
1077 2380 1199 2421 (PQf)
1213 2381 1268 2412 BA
1284 2393 1291 2412 ε
1308 2382 1448 2413 uenient
1463 2382 1512 2413 CA

176 2425 270 2463 (ueni
285 2429 379 2456 stent
399 2425 440 2463 G)
543 2435 582 2456 12
607 2425 711 2466 derit]
729 2425 794 2456 erit
815 2424 845 2456 T
1080 2424 1183 2455 XXII
1208 2435 1228 2456 2
1253 2425 1344 2467 sum]
1363 2431 1442 2457 sunt
1458 2426 1512 2456 ΒΑ

177 2469 300 2500 XXIII
324 2469 398 2500 hab.
417 2468 452 2500 R
