1648 2729
194 159 251 195 M.
283 159 406 196 VAL.
439 159 754 196 MARTIALIS

670 272 845 308 LXXXI

195 337 337 373 Lector
366 343 404 373 et
432 335 589 374 auditor
618 343 772 375 nostros
802 337 954 387 probat,
986 339 1099 384 Aule,
1132 337 1298 384 libellos,

247 402 317 439 sed
348 400 511 450 quidam
541 408 698 440 exactos
729 415 814 440 esse
843 410 961 452 poeta
990 410 1117 453 negat.

193 479 272 504 non
302 465 469 504 nimium
500 479 618 504 curo:
657 480 749 504 nam
779 480 901 505 cenae
929 469 1077 506 fercula
1104 475 1260 506 nostrae

248 531 380 569 malim
410 531 586 570 convivis
615 545 734 582 quam
764 532 958 582 placuisse
988 533 1104 571 cocis.

653 615 851 652 LXXXII

196 679 355 717 Dixerat
383 680 601 728 astrologus
630 679 845 729 periturum
875 687 913 718 te
943 679 1033 727 cito,
1066 681 1233 728 Munna,

249 757 333 790 nec,
364 751 473 793 puto,
505 743 692 782 mentitus
723 743 872 782 dixerat
901 744 965 782 ille
995 744 1077 782 tibi.

196 823 286 847 narn
316 816 358 847 tu
388 810 485 847 dum
515 808 657 847 metuis
687 823 737 847 ne
767 809 864 859 quid
894 816 984 860 post
1012 811 1092 848 fata
1119 809 1329 861 relinquas,

248 874 411 913 hausisti
440 875 583 924 patrias
612 874 833 914 luxuriosus
863 888 959 925 opes

195 940 335 990 bisque
365 948 477 978 tuum
507 940 668 979 deciens
698 954 779 979 non
810 948 894 979 toto
924 941 1050 980 tabuit
1078 954 1211 979 anno:
1514 957 1531 988 5

249 1006 313 1045 dic
343 1006 450 1053 mihi,
483 1021 564 1045 non
594 1008 671 1046 hoc
700 1015 769 1054 est,
803 1009 969 1055 Munna,
1001 1007 1125 1058 perire
1155 1007 1263 1046 cito?

646 1092 868 1128 LXXXIII

197 1156 305 1193 Inter
334 1162 443 1193 tanta
472 1162 562 1193 tuae
592 1155 788 1203 miracula,
824 1157 978 1203 Caesar,
1011 1156 1193 1202 harenae,

249 1233 351 1270 quae
379 1220 501 1259 vincit
529 1228 705 1259 veterum
736 1235 899 1259 munera
929 1222 1032 1259 clara
1060 1221 1220 1267 ducum,

197 1287 364 1324 multum
394 1285 510 1334 oculi,
542 1288 611 1325 sed
642 1288 729 1337 plus
758 1300 871 1325 aures
901 1287 1047 1325 debere
1075 1288 1246 1325 fatentur

250 1364 291 1389 se
321 1351 391 1389 tibi
422 1353 531 1402 quod
561 1360 741 1402 spectant
770 1352 838 1402 qui
867 1351 1029 1391 recitare
1058 1353 1197 1390 solent.

648 1437 865 1473 LXXXIV

196 1502 299 1539 Cum
331 1508 398 1538 tua
426 1500 633 1551 sacrilegos
663 1508 810 1548 contra,
842 1500 1043 1547 Norbane,
1075 1501 1224 1538 furores

250 1574 368 1604 staret
397 1579 468 1616 pro
497 1565 662 1605 domino
693 1567 862 1606 Caesare
891 1573 1027 1604 sancta
1056 1566 1165 1612 fides,

198 1630 294 1666 haec
324 1641 397 1678 ego
428 1628 555 1667 Pieria
583 1629 772 1667 ludebam
802 1636 908 1666 tutus
938 1627 978 1666 in
1008 1628 1159 1674 umbra,

251 1693 315 1732 ille
345 1701 435 1732 tuae
464 1696 591 1732 cultor
620 1702 737 1732 notus
767 1693 974 1732 amicitiae.

200 1773 261 1797 me
290 1758 361 1797 tibi
390 1759 609 1797 Vindelicis
640 1761 790 1797 Raetus
820 1759 1002 1796 narrabat
1031 1757 1071 1795 in
1101 1757 1178 1796 oris
1519 1773 1535 1804 5

253 1824 384 1862 nescia
413 1838 487 1863 nec
516 1824 638 1863 nostri
668 1823 839 1863 nominis
869 1826 1011 1862 Arctos
1041 1830 1146 1861 erat:

198 1904 221 1927 o
251 1889 435 1939 quotiens
464 1897 636 1928 veterem
667 1903 748 1928 non
778 1889 976 1927 inficiatus
1005 1887 1178 1927 amicum

252 1954 383 1993 dixisti
415 1956 556 1993 ‘Meus
586 1962 645 1993 est
674 1954 747 1993 iste
777 1963 906 2004 poeta,
938 1967 1049 1992 meus
1071 1955 1102 1992 l'

198 2034 317 2059 omne
347 2020 418 2058 tibi
447 2028 626 2059 nostrum
657 2021 766 2070 quod
797 2020 857 2058 bis
887 2019 1085 2058 trieteride
1114 2018 1248 2057 iuncta

251 2094 343 2124 ante
373 2086 493 2124 dabat
523 2088 654 2133 lector,
687 2099 794 2124 nunc
823 2085 935 2124 dabit
963 2092 1101 2123 auctor
1129 2097 1241 2134 opus.
1499 2099 1538 2120 10

245 2184 392 2214 LXXXI
417 2184 491 2214 hab.
515 2183 544 2213 T
631 2194 644 2214 1
670 2193 753 2214 aure
770 2183 826 2213 BA
983 2192 1003 2220 3
1028 2192 1185 2213 coronam
1210 2181 1240 2211 Τ
1381 2191 1400 2219 4
1425 2181 1537 2212 malim

198 2228 325 2258 AACA:
349 2228 481 2258 mallem
500 2227 576 2258 BA:
601 2228 688 2258 malo
706 2226 779 2257 DN
954 2226 1121 2257 LXXXII
1146 2225 1220 2256 hab.
1248 2225 1279 2257 T
1344 2235 1358 2255 1
1385 2225 1539 2264 perituru

206 2271 235 2301 T
319 2281 479 2302 munnam
503 2271 533 2301 T
659 2282 678 2310 4
703 2271 822 2302 ausisti
838 2270 895 2300 BA
1019 2280 1038 2309 5
1062 2275 1131 2300 tum
1152 2269 1201 2300 CA
1327 2269 1349 2298 6
1371 2278 1486 2299 nonne
1501 2266 1538 2298 N

203 2315 388 2345 LXXXIII
414 2325 433 2353 3
455 2314 561 2345 oculis
577 2319 611 2345 et
629 2314 662 2354 (i.
677 2325 701 2346 e.
722 2315 808 2345 oculi
826 2315 892 2354 set)
912 2313 962 2344 CA
1094 2324 1113 2352 4
1138 2313 1237 2343 setibi
1255 2311 1322 2353 (sic,
1336 2316 1372 2342 ut
1387 2311 1468 2352 vid.)
1481 2313 1538 2350 qui

200 2369 248 2398 sp.
268 2358 317 2388 CA
473 2358 655 2389 LXXXIV
679 2368 699 2397 3
725 2359 788 2388 hac
807 2358 855 2389 CA
922 2357 1072 2387 umbram
1092 2356 1141 2387 CA
1157 2360 1194 2386 ut
1207 2355 1273 2386 vid.
1363 2365 1382 2394 5
1409 2355 1539 2386 Raetus

203 2402 265 2432 wel
281 2402 434 2443 Moesus)
450 2401 651 2442 Rutgersius
666 2406 693 2432 et
708 2402 870 2432 Heinsius
884 2413 889 2432 :
916 2406 1046 2431 mestus
1062 2400 1117 2430 ΒΑ
1132 2413 1139 2431 :
1165 2404 1279 2440 raptas
1297 2399 1346 2430 CA
1517 2400 1538 2428 6

202 2446 328 2475 nostris
343 2445 391 2476 CA
503 2456 524 2485 9
548 2456 615 2484 quo
634 2445 682 2476 CA
750 2445 862 2476 iuncta
873 2445 1046 2476 veliuncto
1057 2444 1132 2475 BA:
1148 2454 1213 2475 om.
1231 2443 1282 2474 CA
1382 2451 1421 2473 10
1444 2441 1541 2472 lictor

202 2489 251 2519 vel
266 2489 373 2520 lector
391 2489 440 2519 CA
