1648 2729
341 476 406 525 M.
460 475 620 524 VAL.
673 475 1086 523 MARTIALIS

408 603 1017 652 EPIGRAMMATON

618 745 791 782 LIBER
829 745 866 781 V

737 879 755 915 1

182 980 280 1017 Hoc
309 977 392 1025 tibi,
425 977 625 1016 Palladiae
654 991 722 1016 seu
753 977 920 1016 collibus
950 977 1070 1016 uteris
1099 979 1239 1026 Albae,

235 1045 391 1090 Caesar,
423 1051 461 1082 et
490 1043 583 1082 hinc
612 1043 785 1081 Triviam
816 1043 1021 1093 prospicis,
1050 1043 1144 1082 inde
1173 1044 1332 1090 Thetin,

182 1123 251 1148 seu
281 1117 348 1147 tua
377 1108 572 1147 veridicae
602 1108 760 1147 discunt
790 1121 979 1158 responsa
1008 1121 1171 1156 sorores,

234 1175 353 1224 plana
382 1173 599 1212 suburbani
629 1187 706 1224 qua
736 1174 855 1212 cubat
884 1175 992 1212 unda
1021 1173 1118 1221 freti,

183 1252 250 1277 seu
281 1240 411 1288 placet
440 1241 602 1277 Aeneae
632 1238 761 1277 nutrix
790 1252 859 1277 seu
889 1238 969 1276 filia
998 1238 1100 1277 Solis
1498 1256 1516 1287 5

234 1303 315 1342 sive
346 1303 552 1342 salutiferis
582 1304 777 1342 candidus
807 1306 944 1342 Anxur
972 1303 1094 1354 aquis,

184 1368 385 1416 mittimus,
417 1382 440 1407 o
471 1383 599 1408 rerum
629 1368 720 1407 felix
749 1370 871 1407 tutela
900 1370 1094 1419 salusque,

234 1433 382 1484 sospite
411 1447 491 1484 quo
520 1442 672 1485 gratum
702 1434 900 1473 credimus
929 1448 1015 1473 esse
1045 1436 1194 1473 Iovem.

182 1508 223 1538 tu
254 1507 408 1538 tantum
437 1499 634 1550 accipias:
675 1513 748 1550 ego
777 1507 816 1539 te
845 1499 985 1550 legisse
1014 1500 1164 1550 putabo

235 1572 272 1603 et
302 1564 477 1604 tumidus
509 1566 622 1604 Galla
652 1565 883 1604 credulitate
912 1567 1024 1603 fruar.
1478 1581 1517 1604 10

717 1671 759 1708 ΙΙ

291 1753 499 1790 Matronae
529 1752 720 1802 puerique
749 1751 1008 1802 virginesque,

288 1813 401 1852 vobis
431 1814 574 1864 pagina
602 1822 736 1853 nostra
765 1814 980 1853 dedicatur.

288 1883 342 1923 tu,
374 1890 494 1926 quern
525 1876 724 1927 nequitiae
754 1877 1000 1927 procaciores

287 1942 486 1979 delectant
515 1942 682 1980 nimium
712 1944 892 1992 salesque
920 1942 1028 1989 nudi,

286 2006 453 2045 lascivos
482 2008 567 2057 lege
597 2015 782 2058 quattuor
810 2007 989 2046 libellos:
1495 2024 1512 2055 5

288 2071 448 2121 quintus
478 2086 567 2110 cum
599 2073 765 2111 domino
795 2073 893 2111 liber
921 2073 1099 2120 iocatur3

287 2149 407 2186 quem
438 2137 697 2176 Germanicus
727 2151 794 2176 ore
822 2151 904 2176 non
934 2137 1089 2176 rubenti

286 2214 417 2240 coram
449 2202 643 2252 Cecropia
672 2204 773 2253 legat
802 2205 942 2252 puella.

224 2305 237 2334 I
263 2305 335 2336 hab.
361 2305 408 2343 T;
432 2317 480 2337 vv.
501 2306 650 2345 7⁷8l1ab.
671 2305 704 2336 R
797 2316 810 2336 1
838 2306 922 2336 haec
939 2305 1021 2334 ΑΑε
1046 2306 1110 2336 hoc
1126 2304 1233 2336 BACA
1353 2303 1511 2345 pallidiae

183 2347 261 2387 (de)
280 2349 338 2378 ΑΛ
351 2349 405 2379 ΒΑ
537 2360 556 2380 2
581 2350 692 2380 thitim
712 2349 758 2380 CA
891 2361 911 2389 4
935 2350 1037 2389 plena
1059 2349 1089 2379 T
1209 2349 1230 2379 8
1253 2349 1447 2388 quaerimus
1465 2349 1511 2380 CA

181 2391 211 2421 II
237 2393 258 2421 6
276 2392 404 2423 iocatur
415 2392 516 2424 Ital.z
536 2393 664 2424 iocetur
673 2393 725 2423 ΒΑ
743 2405 750 2424 :
766 2397 908 2424 uocatur
920 2393 967 2425 CA
984 2393 1062 2435 (pro
1075 2392 1155 2433 ioc-)
1212 2393 1232 2423 8
1256 2392 1449 2432 cecropiam
1464 2392 1512 2424 CA
