1648 2729
197 150 254 188 M.
286 150 412 188 VAL.
443 150 759 189 MARTIALIS

729 262 789 299 IX

196 333 335 372 Clarus
363 334 505 371 vfronde
536 332 657 381 Iovis,
688 332 864 371 Romani
892 334 999 371 fama
1028 333 1226 382 cothurni,

250 397 369 448 spirat
399 399 566 448 Apellea
594 397 772 437 redditus
801 405 884 438 arte
915 400 1084 438 Memor.

738 498 777 535 X

196 568 376 607 Contulit
405 569 456 606 ad
487 576 636 606 saturas
665 567 841 618 ingentia
869 576 1031 618 pectora
1060 571 1232 608 Turnus.

250 634 332 673 Cur
362 647 442 672 non
472 634 524 672 ad
555 633 747 672 Memoris
778 633 986 673 carmina?
1043 636 1178 674 Frater
1207 643 1299 674 erat.

726 740 787 777 XI

196 811 321 857 Tolle,
354 823 462 860 puer,
494 809 636 849 calices
666 809 871 860 tepidique
901 817 1124 850 toreumata
1153 811 1235 850 Nili

249 883 287 914 et
317 875 415 914 mihi
444 889 581 914 secura
610 877 754 926 pocula
783 877 894 915 trade
924 890 1045 915 manu

195 940 283 979 trita
311 948 467 991 patrum
497 940 615 979 labris
645 948 683 979 et
713 948 831 980 tonso
861 954 959 991 pura
987 940 1168 980 ministro
1184 956 1196 989 ,-

248 1006 402 1044 anticus
432 1006 579 1045 mensis
608 1006 834 1045 restituatur
862 1007 1002 1045 honor.

195 1073 254 1111 Te
282 1080 420 1122 potare
449 1073 565 1111 decet
593 1085 751 1122 gemma
780 1071 848 1122 qui
879 1074 1066 1111 Mentora
1094 1071 1238 1122 frangis
1519 1092 1535 1122 5

248 1137 288 1175 in
318 1137 525 1187 scaphium
556 1138 761 1186 moechae,
791 1139 1084 1188 Sardanapalle,
1116 1145 1216 1176 tuae.

714 1243 799 1280 XII

196 1315 263 1352 Ius
293 1313 365 1352 tibi
394 1321 577 1352 natorum
607 1314 669 1351 vel
698 1321 863 1363 septem,
894 1312 1015 1361 Zoile‚
1047 1315 1173 1361 detur,

249 1380 345 1418 dum
376 1387 542 1417 matrem
572 1392 692 1417 nemo
722 1379 790 1418 det
819 1378 902 1426 tibi,
934 1392 1054 1418 nemo
1084 1387 1247 1430 patrem.

698 1484 807 1521 XIII

304 1554 495 1605 Quisquis
527 1553 763 1593 Flaminiam
793 1553 896 1601 teris,
927 1553 1064 1601 viator,

303 1620 385 1659 noli
414 1620 548 1659 nobile
577 1619 786 1671 praeterire
815 1633 998 1658 marmor.

303 1685 421 1724 Vrbis
451 1685 617 1725 deliciae
646 1686 827 1735 salesque
857 1684 951 1731 Nili,

302 1764 363 1790 ars
392 1759 430 1789 et
459 1750 592 1801 gratia,
623 1752 731 1789 lusus
761 1758 799 1788 et
827 1751 1021 1800 voluptas,

303 1816 478 1855 Romani
507 1818 629 1855 decus
659 1824 697 1854 et
726 1817 841 1854 dolor
869 1814 1011 1853 theatri
1516 1832 1533 1863 5

301 1889 421 1932 atque
451 1895 590 1920 omnes
619 1883 796 1920 Veneres
827 1879 1128 1931 Cupidinesque

302 1948 380 1986 hoc
409 1955 500 1986 sunt
529 1946 704 1995 condita,
734 1959 815 1996 quo
845 1945 967 1994 Paris,
997 1945 1219 1996 sepulchro.

704 2053 806 2089 XIV

197 2124 392 2170 Heredes,
421 2122 544 2161 nolite
573 2122 733 2161 brevem
763 2121 928 2172 sepelire
957 2123 1169 2161 colonum:

248 2201 340 2226 nam
371 2195 472 2226 terra
501 2195 560 2226 est
588 2187 643 2225 illi
673 2189 1038 2238 quantulacumque
1071 2185 1210 2237 gravis.

241 2292 291 2322 IX
313 2303 389 2322 cum
400 2291 484 2322 VIII
502 2290 596 2330 confl.
617 2290 668 2321 CA

239 2336 272 2366 X
296 2346 315 2366 2
338 2335 401 2366 Cui
417 2335 467 2366 CA
556 2339 611 2365 eat
626 2335 676 2366 CA

238 2379 287 2409 XI
313 2390 388 2409 cnm
408 2379 441 2409 X
458 2378 550 2418 confl.
573 2379 622 2409 CA
766 2388 786 2418 3
811 2382 931 2409 tonsor
946 2378 1003 2408 ΒΑ
1135 2388 1154 2416 4
1179 2377 1370 2408 restituitur
1388 2376 1437 2407 CA
1453 2375 1533 2417 (pro

194 2428 285 2453 -etur
295 2424 319 2464 2)
412 2433 431 2463 5
456 2427 591 2463 portare
604 2423 661 2453 B*
795 2421 864 2453 XII
887 2431 906 2452 2
929 2431 1029 2452 nemo
1042 2421 1099 2452 det
1113 2431 1213 2452 nemo
1226 2421 1286 2452 tibi
1299 2431 1332 2461 p.
1346 2420 1396 2451 CA
1413 2424 1451 2451 ut
1465 2419 1528 2451 vid.
