1648 2729
178 162 235 199 M.
265 161 389 198 VAL.
422 160 738 198 MARTIALIS

178 273 434 313 Praenestina
462 280 572 312 tenes
602 272 780 312 defuncti
809 286 897 311 rura
924 272 1090 323 patroni,

230 339 271 378 in
301 339 446 389 quibus
474 338 659 389 indignor
688 338 720 378 si
748 337 821 377 tibi
849 339 948 377 cella
976 337 1049 377 fuit
1063 352 1074 386 3

177 405 326 456 rumpis
355 413 394 444 et
422 404 577 444 ardenti
605 404 790 443 madidus
819 404 999 454 crystalla
1028 405 1195 442 Falerno
1498 418 1515 448 5

231 479 270 511 et
298 470 424 522 pruris
453 470 607 510 domini
635 484 728 509 cum
758 470 992 520 Ganymede
1022 468 1089 507 tui.

177 544 216 575 at
246 550 310 576 me
338 536 528 575 litterulas
557 535 665 574 stulti
694 536 867 574 docuere
895 542 1101 586 parentes:

232 602 329 653 quid
358 616 449 641 cum
479 601 744 652 grammaticis
774 600 1077 651 rhetoribusque
1107 599 1236 638 mihi?

179 670 330 718 Frange
359 669 464 706 leves
494 668 668 706 calamos
698 674 736 706 et
765 666 913 714 scinde,
946 665 1099 713 Thalia,
1130 665 1296 711 libellos,

216 733 264 777 *si
293 734 386 772 dare
416 732 538 771 sutori
566 733 723 771 calceus
752 731 826 770 ista
854 739 996 782 potest.
1480 745 1519 767 10

651 827 829 864 LXXIV

178 897 360 948 Effigiem
389 905 544 936 tantum
573 897 684 947 pueri
713 896 866 948 pictura
895 896 1067 936 Camoni

232 971 359 1003 servat
387 971 426 1003 et
454 963 614 1002 infantis
643 976 763 1013 parva
791 964 914 1013 figura
942 969 1087 1001 manet.

177 1031 362 1068 florentes
392 1030 500 1068 nulla
528 1028 694 1080 signavit
723 1028 894 1078 imagine
923 1029 1064 1075 voltus,

232 1096 328 1135 dum
359 1094 472 1134 timet
501 1108 569 1134 ora
596 1094 685 1144 pius
715 1101 825 1132 muta
853 1093 986 1133 videre
1015 1101 1135 1144 pater.

665 1188 818 1226 LXXV

180 1263 273 1299 Non
303 1260 412 1299 silice
441 1260 541 1299 duro
571 1258 784 1298 structilive
814 1265 1034 1306 caemento,

178 1340 252 1366 nec
281 1327 401 1365 latere
431 1333 560 1374 cocto,
590 1338 670 1375 quo
700 1323 926 1363 Samiramis
956 1325 1115 1374 longam

178 1393 384 1442 Babylona
413 1390 545 1438 cinxit,
575 1392 712 1429 Tucca
740 1390 929 1429 balneum
957 1388 1076 1428 fecit:

178 1459 248 1497 sed
279 1466 406 1508 strage
434 1470 643 1496 nemorum
673 1455 871 1507 pineaque
900 1468 1090 1506 conpage,

178 1532 221 1563 ut
250 1523 432 1574 navigare
461 1524 598 1561 Tucca
629 1522 772 1561 balneo
801 1520 938 1572 possit.

178 1589 285 1628 idem
314 1590 450 1628 beatas
480 1589 610 1627 lautus
640 1587 782 1627 extruit
811 1588 984 1626 thermas

178 1656 228 1694 de
259 1668 453 1693 marmore
483 1653 604 1701 omni,
636 1654 745 1704 quod
775 1654 961 1703 Carystos
991 1650 1151 1699 invenit,

179 1722 288 1772 quod
318 1720 486 1771 Phrygia
515 1721 679 1770 Synnas,
710 1720 806 1757 Afra
834 1719 944 1768 quod
974 1719 1127 1756 Nomas
1157 1715 1264 1754 misit

178 1794 217 1825 et
246 1787 355 1836 quod
384 1784 525 1824 virenti
553 1786 663 1823 fonte
691 1784 784 1823 lavit
814 1786 994 1822 Eurotas,

179 1853 249 1891 sed
279 1851 384 1902 ligna
413 1853 580 1890 desunt:
620 1850 757 1889 subice
787 1850 974 1888 balneum
1004 1847 1178 1887 thermis.
1481 1862 1520 1884 10

651 1950 825 1987 LXXVI

182 2024 296 2061 Haec
326 2029 417 2060 sunt
446 2021 512 2059 illa
540 2020 619 2059 mei
648 2033 750 2070 quae
779 2019 937 2058 cernitis
967 2032 1035 2058 ora
1064 2016 1247 2065 Camoni,

234 2089 332 2126 haec
361 2086 472 2137 pueri
500 2085 619 2124 facies
648 2085 855 2136 primaque
883 2086 1009 2123 forma
1037 2083 1121 2122 fuit.

226 2224 375 2256 LXXIII
399 2235 419 2264 3
444 2224 596 2255 defuncti
613 2233 692 2255 rura
708 2222 821 2253 AACA
836 2234 843 2253 :
868 2221 1003 2261 decepti
1019 2230 1125 2260 regna
1142 2219 1198 2250 ΒΑ
1314 2220 1336 2250 6
1359 2193 1429 2258 pii-is
1448 2218 1480 2258 (ι’.
1494 2230 1518 2250 e.

181 2270 305 2310 pruris)
326 2269 374 2300 CA
391 2272 429 2299 ut
445 2268 508 2299 vid.
529 2268 655 2309 (pruris
672 2266 750 2306 XV,
766 2266 871 2306 pluris
887 2266 926 2305 E,
945 2265 1038 2306 puris
1053 2263 1138 2302 AG)
1274 2264 1294 2293 8
1319 2262 1416 2303 mihi]
1435 2263 1521 2294 meis

182 2313 229 2344 ίᾺ
330 2323 370 2343 10
393 2317 465 2343 tare
481 2317 576 2343 sutor
595 2311 642 2342 CA
659 2314 697 2341 ut
712 2310 776 2341 vid.
1051 2307 1199 2338 LXXIV
1221 2306 1296 2338 lzab.
1322 2307 1352 2337 T
1453 2317 1466 2336 1
1493 2312 1517 2338 t.

180 2367 235 2396 pu.
257 2357 370 2387 AACA
386 2368 392 2387 :
417 2367 472 2396 pu.
493 2361 514 2386 t.
534 2355 591 2384 ΒΑ
689 2365 708 2385 2
734 2363 853 2384 manus
869 2354 923 2394 (ex
938 2352 1064 2391 minus)
1089 2351 1261 2392 T(etfort.
1280 2350 1358 2391 ΑΛ)
1375 2361 1382 2381 ;
1406 2356 1521 2381 manet

179 2400 287 2431 ΒΑΕΔ
528 2399 659 2430 LXXV
686 2408 700 2428 1
727 2399 810 2428 dura
831 2398 856 2428 L
991 2407 1010 2426 2
1035 2395 1232 2426 sameramis
1249 2394 1343 2426 codd.
1498 2403 1518 2433 5

181 2449 297 2484 posset
313 2444 369 2475 BA
387 2454 393 2474 ε
418 2443 526 2483 possit
545 2442 595 2474 CA
726 2443 746 2473 8
771 2441 861 2472 misit
877 2440 952 2471 BA:
977 2439 1079 2470 mittit
1098 2439 1147 2470 CA
