1648 2729
754 138 1225 179 EPIGRAMMATON
1260 142 1363 180 LIB.
1399 142 1456 180 IX

603 249 745 286 LVIII

118 320 307 370 Nympha
337 318 435 358 sacri
464 318 597 369 regina
625 321 744 366 lacus,
776 318 839 358 cui
868 327 976 370 grata
1006 320 1175 360 Sabinus

172 392 211 423 et
240 398 425 423 mansura
454 384 520 435 pio
550 398 713 423 munere
743 386 891 434 templa
921 385 1042 433 dedit,

119 449 175 488 sic
204 457 395 488 montana
423 457 512 488 tuos
541 463 697 500 semper
725 451 829 488 colat
862 450 1029 489 Vmbria
1058 452 1186 491 fontes

170 528 244 554 nec
274 523 341 553 tua
370 514 538 553 Baianas
569 514 727 553 Sassina
756 515 865 553 malit
893 529 1042 566 aquas:

118 579 254 631 excipe
283 579 472 619 sollicitos
501 580 669 630 placide,
701 594 788 619 mea
818 581 935 627 dona,
968 581 1150 630 libellos3

171 653 213 684 tu
242 645 359 684 fueris
391 645 519 684 Musis
550 645 708 696 Pegasis
738 647 847 685 unda
875 646 1039 685 meis——

119 712 419 761 ‘Nympharum
449 711 606 761 templis
637 711 814 761 quisquis
844 725 914 750 sua
943 712 1118 751 carmina
1147 714 1280 761 donat,

172 776 269 827 quid
299 776 381 815 fieri
411 776 518 815 libris
549 777 694 815 debeat
722 777 807 827 ipse
837 779 997 816 monet.y

630 860 727 897 LIX

118 930 165 967 In
196 929 349 980 Saeptis
380 931 583 968 Mamurra
612 929 679 968 diu
710 931 960 980 multumque
988 939 1161 982 vagatus,

170 994 234 1033 hic
263 994 333 1034 ubi
362 996 494 1033 Roma
523 1008 613 1033 suas
642 1008 760 1034 aurea
788 1003 901 1034 vexat
931 1009 1039 1046 opes,

115 1059 284 1110 inspexit
312 1061 451 1099 molles
480 1074 623 1110 pueros
653 1060 857 1110 oculisque
886 1061 1073 1109 comedit,

169 1139 251 1164 non
280 1127 353 1164 hos
382 1139 482 1176 quos
511 1124 662 1175 primae
690 1122 924 1175 prostituere
953 1136 1078 1174 casae⁷

117 1192 186 1229 sed
217 1204 316 1241 quos
346 1204 512 1230 arcanae
542 1199 697 1229 servant
727 1192 902 1230 tabulata
935 1198 1108 1231 catastae

169 1264 209 1295 et
237 1270 338 1307 quos
367 1271 448 1295 non
477 1258 648 1307 populus
678 1270 753 1295 nec
782 1270 871 1295 mea
899 1257 1013 1296 turba
1040 1254 1158 1296 videt.

115 1321 209 1361 inde
238 1330 345 1360 satur
373 1335 530 1360 mensas
560 1329 598 1360 et
627 1328 785 1371 opertos
815 1321 920 1360 exuit
949 1322 1065 1361 orbes

169 1386 472 1438 expositumque
501 1388 578 1425 alte
607 1386 753 1437 pingue
781 1385 965 1437 poposcit
993 1386 1100 1434 ebur,

116 1460 154 1491 et
183 1452 452 1492 testudineum
483 1466 643 1491 mensus
673 1460 811 1502 quater
840 1452 1075 1491 hexaclinon

169 1518 361 1568 ingemuit
389 1518 487 1557 citro
516 1532 598 1556 non
627 1517 720 1556 satis
750 1531 835 1556 esse
865 1531 947 1556 suo.
1418 1535 1455 1556 10

114 1583 313 1622 consuluit
341 1597 454 1622 nares
483 1597 535 1622 an
564 1585 715 1622 olerent
743 1597 832 1621 aera
862 1583 1095 1629 Corinthon,

170 1649 343 1700 culpavit
371 1657 519 1688 statuas
551 1656 600 1696 et,
633 1648 834 1698 Polyclite,
867 1656 965 1696 tuas,

114 1723 152 1754 et
182 1715 337 1754 turbata
365 1715 475 1754 brevi
503 1722 665 1765 questus
694 1713 917 1764 crystallina
944 1710 1043 1752 vitro

169 1780 342 1819 murrina
371 1779 537 1831 signavit
566 1779 823 1830 seposuitque
852 1780 1004 1818 decem.

114 1846 302 1897 expendit
330 1854 481 1885 veteres
510 1847 687 1885 calathos
717 1852 756 1884 et
785 1844 817 1884 si
845 1858 924 1895 qua
952 1845 1110 1883 fuerunt
1416 1861 1452 1893 15

167 1913 311 1962 pocula
340 1913 550 1950 Mentorea
579 1910 786 1949 nobilitata
814 1922 946 1957 manu,

115 1985 153 2016 et
182 1977 320 2016 viridis
344 1976 452 2027 picto
481 1989 658 2027 gemmas
687 1974 908 2014 numeravit
936 1974 975 2012 in
1005 1987 1112 2022 auro,

167 2041 365 2093 quidquid
394 2050 432 2080 et
460 2055 484 2080 a
512 2040 627 2079 nivea
653 2040 840 2091 grandius
868 2053 962 2078 aure
990 2046 1115 2078 sonat.

160 2148 271 2178 LVIII
299 2158 313 2178 1
340 2148 447 2178 sacris
466 2146 562 2186 (EA)
579 2146 630 2176 vel
645 2146 688 2176 -ri
707 2145 758 2176 CA
846 2145 993 2175 sabanus
1007 2143 1057 2174 CA
1200 2153 1219 2182 5
1244 2143 1377 2183 placida
1398 2145 1451 2174 BA

113 2193 135 2221 6
154 2193 244 2223 unde
259 2191 307 2223 CA
439 2192 460 2221 8
480 2195 597 2221 ‘mouet
609 2189 665 2219 ΒΑ
681 2201 688 2220 :
712 2190 809 2220 docet
823 2188 872 2218 CA

159 2235 240 2266 LIX
264 2246 339 2266 cum
355 2234 467 2265 LVIIl
481 2234 574 2273 confi.
591 2233 642 2264 CA
713 2243 727 2263 1
756 2243 913 2263 manurra
930 2232 980 2262 vel
993 2232 1149 2261 mamirra
1160 2230 1213 2261 BA
1304 2241 1324 2261 2
1350 2242 1452 2262 aurea

113 2279 271 2310 velam-es
282 2278 382 2320 (NEA)
395 2278 444 2310 CA
534 2289 554 2317 4
572 2288 659 2316 quos
673 2288 740 2309 om.
754 2276 810 2307 ΒΑ
898 2285 917 2313 5
942 2279 1058 2306 seruat
1073 2275 1121 2306 CA
1210 2284 1228 2314 7
1254 2274 1287 2305 in
1305 2285 1342 2305 se
1355 2285 1380 2306 s.
1396 2276 1453 2305 BA

113 2334 134 2362 9
158 2323 353 2354 testudineo
368 2322 424 2352 BA
490 2322 618 2352 mensis
637 2321 684 2352 CA
786 2331 825 2350 10
849 2319 1004 2358 ingenuit
1023 2319 1072 2349 CA
1171 2328 1210 2348 12
1232 2318 1380 2357 polucite
1396 2319 1452 2348 ΒΑ

117 2377 156 2405 13
174 2367 248 2397 brui
267 2366 317 2397 CA
384 2366 531 2396 cristana
544 2365 602 2395 ΒΑ
668 2365 759 2395 nitro
775 2364 830 2394 BA
845 2375 852 2394 :
877 2364 966 2394 uitro
984 2362 1033 2393 CA
1133 2371 1170 2400 15
1189 2362 1328 2402 expedit
1343 2361 1400 2392 ΒΑ
1418 2368 1454 2394 ut

113 2410 177 2442 vid.
305 2420 342 2448 17
360 2420 450 2441 num.
465 2420 552 2448 gem.
565 2408 623 2438 ΒΑ

1303 2459 1364 2490 14*
