1648 2729
752 125 1224 164 EPIGRAMMATON
1257 125 1362 163 LIB.
1397 126 1457 164 IX

656 239 691 276 L

117 326 329 377 Ingenium
359 326 466 374 mihi,
500 327 641 374 Gaure,
674 327 817 378 probas
847 326 904 365 sic
932 340 1018 366 esse
1047 326 1245 378 pusillum,

170 391 345 430 carmina
375 393 484 442 quod
513 391 655 431 faciam
685 406 787 442 quae
815 391 1006 431 brevitate
1035 393 1203 443 placent.

116 457 318 495 confiteor.
385 458 463 496 Sed
493 465 535 496 tu
565 457 625 496 bis
655 457 759 496 senis
788 457 951 508 grandia
979 456 1087 495 libris

169 521 238 572 qui
266 522 403 561 scribis
434 521 579 561 Priami
608 522 766 573 proelia,
799 536 965 573 magnus
994 523 1116 561 homo
1146 524 1220 561 es?

113 600 186 626 nos
215 587 381 626 facimus
412 587 523 626 Bruti
552 601 730 639 puerum,
760 601 834 626 nos
864 589 1056 638 Langona
1083 587 1243 626 vivum:
1434 605 1450 635 5

167 660 210 691 tu
239 666 407 703 magnus
436 655 600 701 luteum,
632 655 774 701 Gaure,
808 652 978 704 Giganta
1006 653 1112 692 facis.

112 807 236 855 Quod
267 820 424 857 semper
452 820 615 858 superos
645 807 769 846 invito
798 808 913 846 fratre
942 805 1099 857 rogasti,

164 877 252 924 hoc,
285 878 458 925 Lucane,
490 877 562 916 tibi
591 877 766 929 contigit,
797 886 890 916 ante
919 876 1029 916 mori.

109 941 261 981 invidet
288 942 353 981 ille
382 942 454 981 tibi
470 957 481 991 ;
520 942 671 993 Stygias
700 957 793 981 nam
823 944 964 981 Tullus
992 943 1044 981 ad
1073 941 1234 980 umbras

164 1008 338 1058 optabat,
371 1008 550 1058 quamvis
580 1008 630 1047 sit
658 1008 797 1056 minor,
828 1008 884 1047 ire
912 1007 1027 1058 prior.

109 1080 152 1111 tu
181 1073 279 1112 colis
310 1073 465 1123 Elysios
495 1073 748 1124 nemorisque
777 1073 976 1112 habitator
1004 1072 1164 1111 amoeni
1430 1087 1446 1118 5

162 1151 249 1178 esse
277 1146 347 1178 tuo
377 1139 548 1189 primum
578 1153 686 1178 nunc
714 1139 800 1178 sine
828 1141 944 1177 fratre
973 1138 1085 1189 cupis
1100 1152 1111 1186 3

107 1211 147 1242 et
175 1202 207 1242 si
235 1203 314 1243 iam
343 1204 480 1244 nitidis
508 1206 681 1244 alternus
710 1205 817 1244 venit
845 1205 896 1244 ab
925 1204 1048 1251 astris,

158 1283 231 1321 pro
260 1272 424 1310 Polluce
452 1285 592 1310 mones
622 1272 787 1311 Castora
815 1284 867 1310 ne
894 1272 1040 1310 redeat.

625 1360 706 1398 LII

214 1425 255 1464 Si
284 1425 412 1464 credis
442 1425 549 1473 mihi,
583 1425 744 1475 Quinte,
777 1426 887 1476 quod
916 1424 1087 1471 mereris,

213 1490 365 1538 natalis,
397 1490 527 1538 Ovidi,
558 1497 645 1530 tuas
674 1490 819 1541 Aprilis

212 1563 256 1594 ut
284 1563 438 1595 nostras
466 1569 559 1595 amo
589 1556 752 1595 Martias
784 1557 1000 1595 Kalendas.

211 1621 304 1660 felix
332 1629 498 1672 utraque
525 1622 592 1660 lux
621 1621 787 1672 diesque
814 1620 931 1660 nobis

213 1686 396 1738 signandi
424 1687 653 1727 melioribus
682 1687 852 1739 lapillis!
1425 1700 1442 1731 5

211 1752 276 1791 hic
303 1753 425 1791 vitam
453 1753 589 1792 tribuit
618 1754 689 1792 sed
717 1753 783 1792 hic
810 1752 996 1792 amicum.
1343 1756 1352 1762 '

210 1818 300 1868 plus
328 1819 436 1866 dant,
467 1818 629 1868 Quinte,
660 1818 755 1856 mihi
785 1826 878 1857 tuae
907 1818 1127 1856 Kalendae.

616 1907 721 1945 LIII

104 1971 237 2009 Natali
265 1970 349 2019 tibi,
381 1970 542 2021 Quinte,
575 1979 644 2010 tuo
673 1972 767 2010 dare
795 1985 914 2022 parva
942 1971 1126 2010 volebam

158 2050 348 2086 munera3
386 2044 429 2075 tu
458 2036 670 2088 prohibes:
708 2036 929 2088 inperiosus
957 2037 1082 2075 homo
1110 2049 1164 2075 es.

149 2142 176 2172 L
199 2142 272 2172 hab.
296 2141 327 2172 T
402 2151 417 2172 1
436 2142 544 2182 proba
562 2142 612 2173 CA
700 2152 720 2172 2
743 2141 856 2182 placet
874 2141 924 2173 CA
1011 2152 1031 2180 3
1055 2141 1124 2172 Sed
1142 2146 1177 2172 tu
1194 2152 1261 2172 om.
1276 2140 1325 2171 CA
1389 2141 1442 2172 uis

106 2185 156 2216 CA
175 2186 208 2225 (i.
221 2197 246 2216 e.
265 2185 330 2225 bis)
422 2186 517 2217 senis
531 2185 644 2217 AACA
663 2197 670 2216 ε
695 2186 794 2216 denis
808 2186 864 2216 ΒΑ
962 2195 981 2224 5
1005 2186 1110 2216 facies
1130 2185 1161 2216 T
1242 2185 1382 2223 lingona
1394 2184 1441 2215 CA

149 2229 192 2260 LI
218 2239 239 2268 3
263 2240 340 2260 nam
357 2228 460 2260 tullus
474 2229 529 2260 BA
547 2240 555 2260 z
579 2230 680 2261 modo
698 2235 817 2269 raptus
836 2229 886 2261 CA
972 2239 992 2268 4
1018 2229 1137 2268 quauis
1156 2228 1250 2268 (EA)
1262 2229 1313 2259 vel
1327 2238 1441 2268 quam-

102 2273 155 2304 uis
172 2273 222 2304 CA
327 2284 343 2312 7
369 2274 512 2304 alternis
527 2273 576 2304 CA
681 2284 710 2313 7,
731 2275 750 2303 8
774 2273 826 2304 vel
837 2273 884 2304 sic
895 2272 1071 2313 distingne,
1090 2273 1191 2303 astris
1208 2282 1271 2311 pro
1290 2272 1440 2310 Polluce,

102 2327 223 2348 mones
239 2322 352 2348 castor
367 2317 424 2347 BA
573 2317 633 2348 LII
659 2328 679 2348 2
703 2316 783 2348 uidii
801 2320 839 2347 ut
852 2316 915 2348 vid.
934 2317 989 2346 ΒΑ
1008 2322 1087 2356 (pro
1101 2316 1228 2351 Ovidii,
1245 2316 1266 2346 ι’.
1279 2326 1304 2347 e.
1325 2315 1438 2351 Ovidi)

103 2361 222 2400 aprilis
235 2361 284 2391 bis
298 2361 345 2399 (in
353 2362 426 2400 fine
440 2361 542 2391 huius
557 2371 672 2392 versus
686 2365 716 2391 el
729 2361 820 2391 initio
835 2360 1009 2400 sequentis)
1021 2360 1077 2390 ΒΑ
1225 2359 1306 2390 LIII
1323 2359 1396 2391 hab.
1415 2359 1445 2390 T

103 2415 118 2435 1
138 2405 198 2435 tibi
214 2415 280 2436 om.
295 2404 344 2435 CA
425 2405 545 2444 quinte
563 2406 645 2446 (om.
665 2404 738 2445 tuo)
756 2404 812 2435 BA
827 2415 835 2435 τ
856 2409 914 2436 tuo
930 2403 1049 2444 quinte
1068 2404 1116 2435 CA

146 2469 253 2491 MART.
272 2469 324 2491 ΕΡ.
343 2469 391 2491 sc.
408 2469 464 2491 ευ.
1309 2459 1350 2488 14
