1648 2729
769 181 1238 220 EPIGRAMMATON
1269 182 1373 219 LIB.
1408 176 1427 218 I

593 294 694 332 XXI

93 366 196 405 Cum
226 371 376 415 peteret
404 376 546 414 regern,
579 364 748 413 decepta
777 362 944 402 satellite
974 364 1110 402 dextra

145 429 306 480 ingessit
334 428 452 468 sacris
481 442 523 467 se
552 428 723 479 peritura
751 427 859 467 focis.

93 496 162 534 sed
192 503 272 533 tam
302 508 418 533 saeva
445 494 533 545 pius
562 493 750 532 miracula
779 506 861 531 non
890 492 978 531 tulit
1008 493 1132 532 hostis

146 568 185 599 et
214 567 368 611 raptum
397 559 567 598 flammis
596 559 708 598 iussit
735 559 843 598 abire
872 559 1022 599 virum:

92 639 203 665 urere
231 639 351 676 quarn
380 625 509 675 potuit
537 632 769 675 contempto
799 624 959 663 Mucius
989 624 1088 674 igne,
1410 642 1428 673 5

147 692 250 729 hanc
280 698 456 741 spectare
485 703 649 728 manum
680 692 855 728 Porsena
883 703 965 728 non
995 688 1134 740 potuit.

95 755 225 795 Maior
254 757 445 805 deceptae
473 756 579 793 fama
607 762 666 794 est
695 763 734 794 et
761 754 884 805 gloria
913 756 1100 794 dextrae:

147 820 178 858 si
209 834 289 859 non
319 828 494 868 errasset,
525 821 669 859 fecerat
698 819 763 858 illa
793 819 934 858 minus.

592 909 715 946 XXII

96 978 205 1028 Quid
234 992 341 1017 nunc
370 991 485 1017 saeva
513 977 614 1028 fugis
643 976 789 1028 placidi
818 978 930 1027 lepus
961 990 1029 1015 ora
1057 976 1182 1015 leonis
1199 979 1216 1014 Ρ

147 1045 324 1094 frangere
352 1051 433 1082 tam
462 1056 601 1094 parvas
630 1056 713 1081 non
743 1042 918 1082 didicere
947 1043 1059 1081 feraS.

94 1116 297 1149 servantur
325 1108 476 1159 magnis
506 1108 569 1147 isti
598 1107 816 1147 cervicibus
846 1121 998 1157 ungues

148 1188 223 1213 nec
251 1175 396 1225 gaudet
425 1173 533 1213 tenui
564 1173 754 1224 sanguine
784 1181 893 1211 tanta
921 1173 1014 1212 sitis.

95 1240 241 1290 praeda
268 1252 412 1278 canum
442 1241 554 1289 lepus
584 1247 652 1286 est,
685 1247 816 1277 vastos
845 1252 927 1277 non
957 1237 1094 1288 implet
1124 1237 1281 1275 hiatus:
1414 1252 1433 1283 5

149 1318 230 1344 non
259 1304 396 1343 timeat
426 1306 560 1343 Dacus
591 1304 770 1344 Caesaris
798 1317 906 1342 arma
935 1316 1042 1354 puer.

580 1393 723 1430 XXIV

95 1462 252 1514 Aspicis
281 1462 493 1513 incomptis
522 1462 647 1511 illum,
678 1462 868 1510 Deciane,
899 1461 1061 1512 capillis,

149 1528 260 1567 cuius
290 1536 329 1566 et
357 1527 442 1578 ipse
471 1528 586 1566 times
616 1527 725 1566 triste
754 1526 1021 1578 supercilium,

95 1593 163 1644 qui
191 1593 366 1644 loquitur
394 1593 536 1632 Curios
565 1594 868 1643 adsertoresque
898 1592 1118 1632 Camillos?

150 1658 274 1698 nolito
302 1658 421 1697 fronti
450 1659 636 1697 credere:
667 1658 801 1708 nupsit
830 1657 927 1696 heri.

595 1752 713 1790 XXV

98 1823 184 1862 Ede
213 1829 303 1861 tuos
332 1823 496 1860 tandem
525 1823 686 1872 populo,
719 1821 919 1868 Faustine‚
951 1821 1105 1859 libellos

149 1895 188 1926 et
217 1889 367 1926 cultum
397 1888 518 1925 docto
547 1894 707 1937 pectore
736 1888 867 1937 profer
896 1899 1030 1937 opus,-

96 1953 205 2003 quod
234 1966 309 1991 nec
338 1951 556 2002 Cecropiae
585 1953 778 1991 damnent
808 1951 1024 1990 Pandionis
1053 1964 1162 1989 arces

149 2031 224 2057 nec
253 2017 392 2056 sileant
421 2017 544 2055 nostri
572 2024 898 2067 praetereantque
927 2029 1053 2055 senes.

95 2090 187 2121 ante
215 2083 317 2121 fores
347 2089 517 2120 stantem
547 2081 705 2120 dubitas
734 2081 942 2120 admittere
973 2083 1135 2120 Famam
1416 2094 1434 2126 5

150 2156 269 2198 teque
297 2147 405 2197 piget
433 2160 550 2185 curae
578 2146 753 2197 praemia
780 2147 879 2185 ferre
908 2148 1030 2184 tuae?

97 2220 187 2263 post
215 2221 254 2252 te
282 2212 455 2250 victurae
484 2225 554 2262 per
582 2219 621 2250 te
650 2225 811 2261 quoque
839 2211 968 2250 vivere
997 2212 1155 2249 chartae

150 2277 364 2328 incipiant:
403 2277 524 2316 cineri
553 2276 676 2327 gloria
705 2290 790 2314 sera
817 2276 935 2315 venit.

143 2381 229 2412 XXI
253 2392 303 2414 vv.
325 2383 386 2411 1-6
402 2380 474 2413 hab.
494 2380 528 2411 R
661 2391 678 2420 7
704 2381 849 2420 decepta
866 2380 916 2411 CA

143 2426 248 2456 XXII
273 2426 347 2456 hab.
370 2425 400 2455 T
577 2436 591 2456 1
619 2424 725 2465 nunc]
742 2435 810 2455 non
829 2424 946 2454 Dousa
1073 2433 1133 2453 ore
1157 2421 1186 2452 T

146 2469 263 2499 XXIV
285 2469 360 2501 hab.
384 2469 414 2499 T
988 2466 1087 2497 XXV
1111 2477 1130 2504 4
1156 2466 1282 2496 nostris
1297 2465 1355 2494 BA

143 2533 249 2555 MART.
270 2533 321 2555 ει).
340 2533 386 2554 sc.
406 2533 459 2556 tn.
1292 2520 1311 2550 2
