1648 2729
728 149 988 187 EPIGRAM
996 148 1198 187 MATON
1230 149 1333 187 LIB.
1367 150 1432 188 III

207 254 310 300 circa
340 268 391 309 te,
422 259 619 310 Ligurine,
652 260 838 308 solitudo,

208 325 305 376 quid
334 325 394 373 sit,
426 325 524 364 scire
553 325 695 375 cupis?
752 324 881 363 Nimis
911 333 1028 375 poeta
1057 339 1109 365 es.

207 393 284 429 hoc
313 392 428 429 valde
456 390 594 429 vitium
624 390 888 441 periculosum
919 398 988 429 est.
1417 408 1434 439 5

207 470 288 494 non
318 455 423 506 tigris
453 456 591 494 catulis
621 455 739 494 citata
768 455 897 506 raptis,

207 535 287 559 non
318 521 451 570 dipsas
481 520 615 559 medio
644 528 802 570 perusta
830 522 923 567 sole,

208 600 282 624 nec
311 586 367 624 sic
396 586 572 636 scorpios
602 585 793 636 inprobus
823 585 992 624 timetur.

206 665 299 689 nam
329 659 471 698 tantos,
503 664 609 701 rogo,
643 650 730 701 quis
760 652 857 689 ferat
886 651 1071 689 labores?

207 724 245 755 et
274 716 392 755 stanti
421 716 516 766 legis
545 724 584 755 et
613 716 708 766 legis
738 715 904 755 sedenti.
1398 732 1438 754 10

207 781 246 820 in
277 783 449 820 thermas
479 781 609 831 fugio:
650 795 767 820 sonas
796 783 847 820 ad
876 795 1023 820 aurem.

208 846 401 897 piscinam
431 854 550 896 peto:
590 860 671 885 non
701 847 793 885 licet
822 854 966 884 natare.

205 913 258 950 ad
287 925 427 950 cenam
456 925 651 962 propero:
692 919 802 950 tenes
833 919 1006 950 euntem.

207 978 258 1015 ad
288 990 427 1015 cenam
457 977 598 1015 venio:
638 978 748 1026 fugas
779 978 997 1015 sedentem.
1401 991 1438 1023 15

207 1043 332 1080 lassus
361 1042 540 1081 dormio:
580 1042 746 1080 suscitas
776 1042 983 1080 iacentem.

206 1107 288 1156 Vis,
321 1115 513 1157 quantum
543 1107 662 1146 facias
693 1107 795 1154 mali,
828 1107 993 1146 videre?

207 1172 263 1211 vir
292 1172 428 1220 iustus,
459 1173 618 1223 probus,
650 1173 843 1211 innocens
874 1171 1032 1211 timeris.

602 1274 717 1310 XLV

100 1353 257 1404 Fugerit
286 1367 336 1392 an
368 1354 555 1392 Phoebus
586 1367 742 1392 mensas
771 1366 993 1403 cenamque
1022 1354 1221 1402 Thyestae

152 1419 314 1469 ignoro:
353 1419 524 1469 fugimus
555 1432 639 1466 nos,
672 1418 869 1469 Ligurine,
903 1426 1023 1456 tuam.

98 1485 163 1522 illa
192 1484 355 1534 quidem
385 1486 491 1522 lauta
519 1492 578 1523 est
607 1484 857 1534 dapibusque
886 1484 1076 1522 instructa
1104 1482 1294 1533 superbiS‚

151 1551 221 1588 sed
251 1549 348 1587 nihil
379 1549 544 1588 omnino
574 1558 612 1588 te
641 1549 831 1588 recitante
860 1551 1000 1599 placet.

99 1617 192 1654 nolo
223 1615 319 1653 mihi
348 1629 474 1665 ponas
503 1616 693 1653 rhombos
724 1617 940 1653 mullumve
970 1613 1151 1652 bilibrem
1419 1630 1437 1661 5

152 1693 227 1718 nec
255 1682 346 1719 volo
375 1681 541 1727 boletos,
574 1688 703 1719 ostrea
732 1682 849 1718 nolo:
890 1688 986 1718 tace.

583 1781 719 1817 XLVI

99 1861 232 1912 Exigis
261 1875 284 1900 a
313 1861 430 1900 nobis
460 1875 622 1912 operam
653 1861 737 1900 sine
767 1862 845 1899 fine
875 1867 1073 1910 togatam:

151 1940 233 1965 non
263 1940 321 1974 eo,
354 1927 538 1966 libertum
568 1928 638 1965 sed
669 1926 739 1965 tibi
769 1926 884 1964 mitto
914 1939 1059 1964 meum.

141 2043 160 2069 4
185 2031 273 2070 quod
291 2030 401 2061 BACA
534 2032 571 2061 fit
594 2029 647 2062 P:
678 2041 744 2061 om.
767 2029 816 2060 CA
841 2032 881 2058 ut
899 2029 962 2060 vid.
992 2027 1062 2068 (sed
1083 2028 1174 2068 quod
1198 2027 1226 2058 si
1251 2038 1300 2059 sc.
1323 2026 1391 2059 XC
1411 2033 1440 2059 et

98 2085 175 2106 corr.
199 2074 240 2114 G)
346 2079 399 2105 est
415 2073 471 2104 ΒΑ
618 2084 635 2113 7
657 2085 719 2104 nec
736 2073 784 2104 CA
797 2073 852 2112 (cf.
865 2084 895 2103 v.
910 2074 944 2105 8)
1095 2073 1115 2102 8
1136 2082 1205 2102 non
1219 2071 1266 2101 CA
1284 2071 1337 2111 (cf
1356 2082 1385 2103 v.
1402 2073 1435 2112 7)

102 2129 140 2148 10
159 2119 242 2149 tanti
261 2121 298 2148 ut
313 2117 375 2149 vid.
393 2118 440 2149 CA
532 2127 569 2148 12
593 2128 696 2148 sonas
711 2118 752 2147 ad
771 2116 904 2157 aurem]
924 2121 1024 2146 tenes
1041 2120 1179 2146 euntem
1195 2115 1242 2146 CA
1261 2116 1311 2154 (cf.
1331 2126 1359 2146 v.
1381 2119 1436 2154 14)

102 2171 138 2200 13
163 2166 265 2201 poete
284 2161 313 2191 T
328 2164 406 2202 (pro
422 2162 539 2201 pete3)
602 2162 681 2192 licet
695 2161 832 2191 AABA:
856 2160 942 2190 sinis
962 2160 1009 2190 CA
1102 2169 1139 2198 14
1164 2164 1262 2189 tenes
1279 2159 1435 2200 euntem]

99 2216 201 2236 sonas
218 2206 259 2236 ad
277 2215 392 2235 aurern
413 2206 460 2235 CA
477 2206 528 2245 (cf.
549 2216 577 2236 v.
600 2214 653 2235 12}
828 2213 865 2242 15
891 2204 969 2243 suga
991 2203 1066 2233 TCA
1246 2203 1285 2232 18
1309 2203 1436 2241 probus

98 2249 232 2279 AACA:
255 2249 365 2279 bonus
381 2247 438 2277 ΒΑ

144 2293 239 2323 XLV
261 2293 335 2323 hab.
361 2292 406 2331 T;
430 2303 478 2324 vv.
499 2294 563 2331 5-6
579 2292 651 2324 hab.
671 2292 704 2322 R
819 2302 831 2322 1
859 2292 914 2331 ph.
933 2301 1021 2320 men.
1038 2289 1168 2320 AACA:
1195 2299 1282 2320 men.
1303 2289 1359 2328 ph.
1380 2288 1437 2319 BA

101 2346 119 2365 2
144 2346 211 2366 non
228 2336 275 2366 CA
348 2345 367 2374 3
386 2336 443 2366 illa
456 2336 567 2367 ΑΑΕΑ
582 2348 588 2367 :
609 2336 675 2366 ista
691 2335 746 2365 ΒΑ
819 2345 838 2374 5
859 2336 1020 2365 rhombos
1036 2332 1153 2364 AABA
1168 2343 1175 2363 :
1195 2333 1370 2364 rhombum
1388 2331 1436 2363 CA

100 2390 181 2418 -que
191 2378 271 2410 AA:
289 2389 344 2409 -ue
354 2378 463 2409 BACA
593 2381 614 2409 6
630 2379 716 2420 boh]
728 2379 817 2410 letos
829 2378 876 2409 CA

146 2423 256 2453 XLVI
275 2423 349 2454 hab.
375 2422 421 2462 T;
448 2434 498 2455 vv.
518 2433 604 2463 9—10
620 2423 695 2454 hah.
714 2423 748 2453 R
