1648 2729
422 171 605 209 INDEX
645 169 1115 208 EPIGRAMMATON

165 282 405 314 Scribebamus
423 292 526 321 ep0s;
549 280 693 321 coepisti
711 281 860 311 scribere
876 291 882 310 :
907 281 993 310 cessi
1040 279 1118 319 XII,
1138 290 1191 318 94.

165 325 324 358 Scribere
341 336 394 356 me
411 326 576 365 quereris,
596 324 716 364 Velox,
738 325 981 364 epigrammata
999 324 1100 362 longa
1147 323 1171 359 Ι.
1198 333 1208 352 1
1220 334 1268 355 ιο,

165 370 323 401 Scribere
341 375 374 400 te
391 380 478 409 quae
494 369 551 399 vix
567 368 745 407 intellegat
762 369 836 408 ipse
855 368 1032 398 Modestus
1078 367 1120 401 X,
1142 377 1192 397 ει.

109 427 114 430 ·
166 413 289 444 Scribit
308 414 341 443 in
359 424 478 443 aversa
496 413 616 443 Picens
634 412 877 451 epigrammata
895 412 1011 442 charta
1056 410 1150 444 VIII.
1171 412 1223 441 62.

166 457 296 488 Securo
312 457 395 487 nihil
414 462 465 487 est
482 462 526 495 te,
548 457 708 493 Naevole,
729 455 847 495 peius:
873 456 992 485 eodem
1037 453 1092 494 IV,
1113 455 1166 492 83.

167 500 299 532 Sedere
316 501 426 540 primo
444 501 565 531 solitus
582 501 615 530 in
632 500 738 538 gradu
756 510 892 538 semper
928 499 968 538 V,
992 508 1040 537 14.

167 544 313 584 Semper
328 544 401 583 agis
420 554 539 574 causas
557 549 589 574 et
608 554 661 573 res
678 544 760 582 agis,
780 543 904 581 Attale,
921 552 1056 581 semper
1102 541 1126 575 Ι,
1149 551 1198 580 79.

167 588 312 628 Semper
327 599 426 618 mane
443 587 524 618 mihi
543 588 584 618 de
600 598 653 617 me
671 597 763 617 mera
780 587 912 617 somnia
931 596 1048 616 narras
1088 584 1164 624 VII,
1185 595 1236 623 54.

165 632 312 672 Semper
327 642 458 672 pauper
473 632 552 664 eris.
572 631 599 662 si
616 641 745 671 pauper
760 641 808 670 es,
826 630 1017 661 Aemiliane
1061 629 1104 667 V,
1120 630 1173 659 81.

166 675 278 706 Senos
295 675 465 706 Charinus
480 676 637 705 omnibus
653 675 766 713 digitis
783 674 871 713 gerit
917 673 978 711 XI,
999 683 1052 712 59.

167 719 308 759 Septem
326 720 525 759 clepsydras
542 729 662 758 magna
680 718 741 748 tibi
758 728 839 748 voce
856 717 988 757 petenti
1034 716 1092 757 VI,
1111 726 1165 755 35.

166 763 306 804 Septem
323 769 399 803 post
416 763 539 793 calices
557 762 728 802 Opimiani
775 761 836 801 IX,
856 763 906 800 87.

165 806 318 846 Septima
336 806 414 844 iam,
433 806 599 846 Phileros,
618 806 675 836 tibi
693 806 851 836 conditur
867 815 954 835 uxor
970 805 1002 835 in
1021 814 1102 843 agro
1149 803 1192 843 X,
1212 813 1265 842 43.

167 850 266 881 Seria
283 861 356 881 cum
377 850 514 890 possim,
533 850 623 889 quod
641 849 845 880 delectantia
862 849 950 878 malo
995 847 1034 886 V,
1059 849 1106 878 16.

166 893 322 925 Sescenti
341 899 466 925 cenant
482 905 501 924 a
518 899 562 933 te,
583 893 722 929 Iustine,
741 894 850 923 vocati
896 891 958 932 XI,
976 894 1028 930 65.

167 938 322 968 Setinum
341 939 568 977 dominaeque
586 938 681 967 nives
699 937 865 976 densique
882 936 1026 966 trientes
1073 935 1129 974 Vl,
1147 936 1199 965 86.

168 981 239 1012 Seu
257 987 292 1012 tu
312 982 490 1012 Paestanis
507 982 623 1020 genita
639 991 676 1011 es
691 990 752 1010 seu
770 980 905 1010 Tiburis
923 980 1012 1010 arvis
1060 979 1121 1019 IX,
1141 980 1194 1009 60.

168 1025 237 1056 Sex
255 1026 412 1056 sestertia
429 1026 456 1056 si
475 1025 586 1055 statim
604 1024 758 1055 dedisses
802 1023 861 1062 VI,
881 1034 932 1062 30.

169 1069 351 1109 Sexagena
367 1075 457 1100 teras
476 1079 551 1100 cum
570 1068 685 1098 limina
702 1078 799 1097 mane
816 1072 956 1097 senator
1001 1066 1080 1103 XII,
1100 1077 1150 1106 29.

168 1113 400 1153 sexagesima,
424 1113 605 1150 Marciane‚
624 1112 743 1142 messis
787 1110 845 1149 VI,
866 1121 920 1149 70.

169 1157 365 1196 Sextantes,
385 1157 536 1188 Calliste.
555 1157 642 1187 duos
660 1155 800 1185 infunde
819 1154 952 1185 Falerni
998 1153 1036 1193 V,
1057 1156 1109 1191 64.

168 1201 285 1239 Sexte,
306 1201 390 1231 nihil
407 1201 524 1238 debes,
542 1200 588 1230 nil
606 1199 721 1237 debes,
743 1199 861 1238 Sexte,
879 1198 1024 1229 fatemur
1071 1197 1113 1236 II,
1134 1207 1164 1236 3.

169 1244 285 1279 Sexte,
304 1245 480 1275 Palatinae
498 1244 606 1275 cultor
621 1243 765 1273 facunde
784 1243 958 1272 Minervae
1003 1242 1043 1281 V,
1064 1251 1095 1280 5.

169 1288 372 1323 Sextiliane,
392 1289 477 1318 bibis
495 1292 658 1327 quantum
675 1286 833 1317 subsellia
850 1286 999 1325 quinque
1047 1285 1071 1323 I,
1090 1285 1143 1315 26.

169 1333 297 1363 Sextus
315 1333 457 1363 mittitur
473 1332 527 1362 hic
545 1331 604 1361 tibi
619 1330 752 1361 libellus
797 1329 854 1369 VI,
879 1340 905 1361 1.

169 1376 206 1407 Si
224 1377 334 1407 credis
351 1376 444 1415 mihi,
465 1375 604 1414 Quinte,
624 1375 713 1414 quod
729 1374 871 1404 mereris
918 1373 978 1413 IX,
997 1384 1050 1412 52.

170 1420 207 1450 Si
226 1421 323 1451 daret
339 1426 524 1450 autumnus
539 1419 621 1449 mihi
639 1428 774 1456 nomen,
795 1417 969 1456 Oporinos
986 1427 1096 1447 essem
1144 1415 1203 1455 IX,
1228 1425 1274 1454 13.

170 1463 207 1494 Si
225 1465 386 1495 dederint
402 1463 517 1503 superi
536 1463 651 1493 decies
667 1462 748 1492 mihi
766 1461 855 1491 milia
872 1466 1008 1491 centum
1056 1460 1081 1499 Ι,
1105 1470 1176 1498 103.

171 1508 208 1539 Si
225 1508 443 1547 desiderium,
465 1507 600 1546 Caesar,
619 1505 804 1545 populique
821 1511 1024 1544 patrumque
1070 1503 1147 1541 VII,
1166 1513 1197 1542 5.

171 1551 207 1583 Si
226 1553 283 1582 det
300 1552 414 1591 iniqua
431 1551 489 1581 tibi
506 1551 637 1580 tristem
656 1550 791 1580 fortuna
808 1553 936 1578 reatum
984 1547 1026 1584 II,
1047 1557 1099 1586 24.

171 1596 208 1626 Si
226 1597 355 1626 donare
371 1605 474 1625 vocas
493 1594 693 1634 promittere
711 1603 774 1623 nec
791 1592 883 1631 dare,
904 1592 968 1622 Gai
1014 1591 1057 1631 X,
1080 1601 1128 1629 17.

171 1638 219 1679 Si,
241 1640 390 1678 Lucane,
411 1639 473 1669 tibi
489 1638 542 1668 vel
559 1638 588 1668 si
605 1637 676 1677 tibi,
696 1636 805 1675 Tulle,
825 1636 988 1666 darentur
1033 1634 1058 1673 I,
1077 1636 1129 1674 36.

171 1682 208 1714 Si
226 1683 375 1722 memini,
397 1683 532 1713 fuerant
549 1681 609 1711 tibi
626 1685 796 1720 quattuor,
815 1680 925 1718 Aelia,
946 1680 1066 1709 dentes
1114 1677 1139 1717 I,
1164 1689 1211 1717 19.

170 1726 208 1758 Si
226 1738 322 1758 meus
338 1727 448 1757 aurita
465 1726 592 1765 gaudet
609 1725 804 1763 lagalopece
822 1723 963 1754 Flaccus
1008 1722 1084 1763 VII,
1103 1723 1156 1761 87.

171 1770 208 1801 Si
227 1771 309 1802 mihi
328 1770 453 1805 Picena
468 1770 590 1800 turdus
609 1768 752 1808 palleret
771 1768 859 1798 oliva
906 1766 966 1805 IX,
985 1777 1036 1805 54.

171 1814 209 1845 Si
227 1815 351 1845 nimius
367 1814 487 1844 videor
502 1823 647 1852 seraque
663 1812 825 1842 coronide
841 1811 965 1850 longus
1011 1810 1054 1850 X,
1076 1819 1102 1841 1.

171 1857 210 1889 Si
227 1869 295 1889 non
314 1863 365 1888 est
382 1868 485 1896 grave
502 1867 565 1887 nec
583 1856 683 1886 nimis
698 1855 878 1886 molestum
922 1853 962 1893 V,
983 1855 1015 1884 6.

172 1901 210 1932 Si
227 1903 319 1943 prior
338 1901 528 1941 Euganeas,
549 1900 721 1938 Clemens,
743 1898 946 1929 Helicaonis
963 1908 1041 1928 oras
1089 1897 1131 1935 X,
1151 1907 1204 1935 93.

172 1945 208 1976 Si
228 1957 294 1986 qua
311 1946 396 1975 fides
412 1945 513 1984 veris,
532 1943 710 1983 praeferri,
728 1942 876 1973 maxime
893 1941 1022 1971 Caesar
1065 1940 1105 1979 V,
1128 1950 1175 1979 19.

137 2008 140 2012 ·
172 1989 210 2021 Si
228 2001 294 2030 qua
308 1989 516 2020 videbuntur
533 1987 661 2018 chartis
677 1987 749 2026 tibi,
769 1987 886 2025 lector,
906 1986 940 2015 in
958 1985 1033 2015 istis
1079 1983 1122 2023 II,
1142 1985 1174 2015 ὅ.

173 2033 210 2064 Si
228 2034 364 2074 quando
381 2033 535 2072 leporem
552 2031 660 2061 mittis
676 2030 770 2068 mihi,
788 2029 907 2069 Gellia,
928 2029 1013 2058 dicis
1057 2027 1096 2065 V,
1118 2038 1170 2066 29.

173 2077 208 2107 Si
226 2078 308 2117 quid
325 2077 414 2107 forte
433 2081 545 2115 petam
562 2074 682 2105 timido
699 2074 886 2113 gracilique
903 2073 1015 2102 libello
1060 2070 1154 2111 VIII,
1175 2081 1226 2109 24.

174 2121 210 2151 Si
227 2121 321 2161 quid,
340 2121 458 2159 Fusce,
477 2129 580 2149 vacas
597 2118 708 2148 adhuc
725 2117 831 2147 amari
879 2115 903 2155 I,
924 2126 966 2155 54

174 2164 211 2195 Si
228 2165 310 2205 quid
326 2164 404 2194 lene
422 2163 486 2193 mei
504 2163 621 2193 dicunt
639 2166 673 2192 et
690 2161 787 2191 dulce
804 2159 910 2191 libelli
955 2159 998 2197 X,
1019 2168 1071 2197 45.

174 2208 212 2239 Si
229 2209 310 2248 quid
327 2212 444 2238 nostra
461 2207 528 2237 tuis
544 2206 648 2236 adicit
662 2204 799 2235 vexatio
817 2204 920 2234 rebus
966 2202 1008 2241 X,
1029 2204 1082 2234 82.

174 2252 210 2282 Si
228 2252 310 2292 quid
327 2261 415 2291 opus
430 2243 542 2289 tuerit,
562 2250 629 2280 scis
646 2259 699 2279 me
716 2258 784 2278 non
803 2257 879 2278 esse
896 2246 1085 2285 rogandum
1129 2244 1205 2285 VII,
1224 2255 1278 2284 92.

174 2295 212 2326 Si
229 2296 305 2336 quis
321 2296 404 2326 ades
420 2294 532 2333 longis
548 2303 646 2324 serus
663 2296 835 2332 spectator
851 2291 892 2321 ab
909 2291 979 2321 oris
1021 2289 1084 2330 Ep.
1104 2300 1156 2328 24.

174 2338 212 2370 Si
228 2340 305 2379 quis
322 2339 387 2369 erit
404 2348 499 2368 raros
516 2338 605 2367 inter
622 2336 854 2367 numerandus
871 2335 1000 2365 amicos
1045 2333 1071 2373 I,
1091 2344 1143 2372 39.

175 2383 213 2414 Si
232 2383 387 2413 Romana
404 2382 516 2412 forent
532 2382 618 2411 haec
636 2380 788 2410 Socratis
806 2389 877 2414 ora,
897 2377 1044 2408 fuissent
1090 2376 1133 2417 X,
1152 2386 1206 2416 99.

175 2426 212 2457 Si
230 2431 264 2457 te
281 2426 433 2466 sportula
450 2425 558 2455 maior
573 2425 616 2455 ad
632 2424 752 2454 beatos
795 2422 890 2461 VIII,
909 2431 964 2460 42.

175 2470 213 2501 Si
230 2475 343 2501 tecum
359 2470 454 2510 mihi,
473 2478 550 2499 care
568 2467 733 2499 Martialis
778 2466 819 2506 V,
839 2476 894 2497 20.
