1648 2729
197 125 253 163 M.
285 125 321 161 V
324 123 408 161 AL.
441 122 756 160 MARTIALIS

197 249 306 275 sacra
335 234 559 274 cothurnati
588 248 670 273 non
698 233 825 284 attigit
853 241 945 272 ante
976 233 1154 272 Maronis
1514 249 1530 280 5

250 300 428 351 implevit
456 299 589 351 magni
617 313 737 350 quam
767 298 971 340 Ciceronis
1000 312 1128 349 opus:

198 368 305 405 hunc
334 365 496 404 miratur
522 367 655 405 adhuc
684 372 845 404 centum
873 363 1000 415 gravis
1028 365 1141 403 hasta
1167 363 1352 411 virorum,

252 433 360 470 hunc
388 431 562 481 loquitur
589 438 699 482 grato
728 429 920 481 plurimus
948 443 1015 469 ore
1044 429 1177 468 cliens.

198 505 410 548 postquam
438 496 500 536 bis
529 496 634 535 senis
662 496 863 546 ingentem
892 494 1065 534 fascibus
1092 508 1243 534 annum

252 570 401 602 rexerat
429 563 588 601 adserto
617 560 685 612 qui
713 574 822 600 sacer
850 561 946 599 orbe
974 560 1057 607 fuit,
1496 575 1535 597 10

199 627 383 668 emeritos
415 626 542 666 Musis
572 634 611 666 et
641 627 808 666 Phoebo
836 625 997 665 tradidit
1024 639 1152 664 annos

254 706 405 744 proque
434 706 507 732 suo
536 692 709 731 celebrat
736 705 845 730 nunc
875 690 1076 730 Helicona
1103 692 1198 730 foro.

752 774 889 812 LXIV

202 840 283 890 Qui
312 848 448 879 tonsor
476 840 604 878 fueras
633 846 717 878 tota
745 837 973 878 notissimus
1003 839 1100 877 urbe

256 914 295 945 et
323 914 413 956 post
442 906 520 944 hoc
549 904 736 944 dominae
765 917 929 943 munere
957 905 1084 942 factus
1114 917 1245 955 eques,

203 971 378 1010 Sicanias
407 971 523 1009 urbes
553 972 813 1020 Aetnaeaque
842 983 962 1020 regna
989 969 1134 1020 petisti,

258 1037 465 1083 Cinname,
497 1049 588 1075 cum
617 1036 770 1085 fugeres
799 1034 922 1073 tristia
950 1034 1033 1073 iura
1061 1034 1144 1073 fori.

204 1116 282 1153 qua
311 1115 419 1140 nunc
447 1109 529 1140 arte
557 1114 692 1150 graves
722 1099 907 1139 tolerabis
935 1099 1084 1138 inutilis
1112 1101 1269 1138 annos?
1520 1116 1537 1147 5

259 1167 355 1218 quid
385 1166 477 1205 facit
505 1165 645 1205 infelix
674 1173 712 1204 et
741 1165 903 1215 fugitiva
931 1164 1073 1215 quies?

206 1247 287 1273 non
316 1234 458 1279 rhetor,
490 1245 571 1271 non
600 1230 878 1282 grammaticus
907 1230 1041 1269 ludive
1070 1230 1264 1281 magister,

259 1312 341 1337 non
371 1297 555 1347 Cynicus,
587 1310 668 1336 non
698 1304 741 1335 tu
770 1295 925 1335 Stoicus
955 1309 1041 1335 esse
1068 1304 1194 1346 potes,

206 1365 376 1402 vendere
406 1376 480 1401 nec
508 1375 648 1401 vocem
678 1361 818 1400 Siculis
846 1362 1130 1411 plaussumque
1159 1360 1342 1400 theatris:

261 1430 370 1479 quod
399 1435 588 1478 superest,
618 1426 771 1474 iterum,
804 1426 1010 1475 Cinname,
1042 1434 1178 1465 tonsor
1206 1426 1290 1465 eris.
1504 1441 1542 1464 10

759 1510 873 1546 LXV

209 1581 274 1620 Lis
304 1588 342 1620 te
372 1580 432 1619 bis
461 1581 654 1619 decumae
682 1586 956 1618 numerantem
984 1578 1126 1629 frigora
1154 1578 1317 1618 brumae

263 1646 430 1686 conterit
459 1659 539 1684 una
566 1644 700 1692 tribus,
734 1644 969 1694 Gargiliane,
999 1643 1103 1683 foris.

208 1713 259 1751 ah
289 1711 407 1750 miser
436 1718 475 1750 et
503 1711 696 1750 demens!
733 1709 870 1761 viginti
898 1709 1023 1760 litigat
1050 1709 1164 1748 annis

264 1776 474 1828 quisquam
504 1775 567 1814 cui
595 1775 711 1823 vinci,
744 1775 981 1826 Gargiliane,
1010 1774 1131 1814 licet?

750 1859 884 1896 LXVI

214 1931 417 1969 Heredem
448 1928 594 1968 Fabius
625 1928 846 1968 Labienum
877 1943 924 1967 ex
951 1942 1039 1968 asse
1067 1928 1246 1979 reliquit:

264 1997 352 2046 plus
382 1994 571 2033 meruisse
600 2002 734 2033 tamen
763 2007 805 2033 se
835 1994 1035 2033 Labienus
1064 1993 1128 2033 ait.

256 2099 372 2131 LXIII
398 2109 417 2139 5
441 2099 574 2130 coturni
590 2099 644 2129 BA
791 2099 812 2129 6
835 2109 909 2130 cum
927 2097 976 2129 CA
1122 2108 1143 2136 9
1166 2097 1295 2128 facibus
1313 2096 1361 2127 CA
1505 2107 1545 2127 10

212 2144 296 2174 urbe
315 2142 371 2174 BA
522 2153 557 2173 11
585 2148 618 2174 et
636 2153 701 2174 om.
719 2142 773 2173 BA
886 2141 1042 2182 Phoebo]
1061 2141 1199 2182 phocho
1219 2142 1303 2182 (-eo)
1322 2139 1371 2171 CA
1389 2141 1421 2180 (c
1431 2145 1495 2182 pro
1513 2150 1544 2178 e,

213 2188 234 2217 h
246 2193 308 2228 pro
324 2188 361 2216 bx

259 2230 370 2261 LXIV
394 2230 468 2261 lmb.
498 2228 529 2260 T
623 2239 637 2261 1
663 2234 735 2260 tota
747 2229 860 2260 fueras
876 2229 957 2260 ΑΑε
982 2229 1003 2260 f.
1018 2234 1040 2259 t.
1057 2227 1165 2259 ΒΑίᾺ
1297 2236 1318 2266 3
1341 2227 1546 2268 atheniaque

213 2275 267 2305 BA
283 2285 289 2305 :
312 2282 520 2313 aeternaque
537 2273 586 2304 CA
728 2284 747 2312 4
772 2273 879 2312 fugies
894 2273 950 2303 BA
1091 2280 1110 2309 5
1133 2271 1278 2312 inutilis]
1296 2271 1412 2302 inotiis
1428 2275 1466 2301 ut
1480 2271 1542 2302 vid.

213 2318 266 2348 BA
282 2318 416 2348 *inociis
432 2317 504 2349 PL.
522 2322 633 2348 motus
651 2316 694 2356 Q)
814 2327 835 2356 9
861 2327 891 2346 u.
911 2315 1052 2347 siculum
1076 2315 1119 2345 T:
1145 2325 1248 2346 uoces
1263 2315 1408 2354 singulis
1425 2314 1474 2345 CA

260 2361 355 2392 LXV
377 2360 451 2392 lmb.
473 2361 504 2391 T
583 2370 596 2390 1
625 2360 759 2392 Licebis
776 2361 848 2392 dec.
867 2359 915 2390 CA
992 2359 1120 2398 frigore
1136 2362 1174 2389 ut
1187 2358 1251 2390 vid.
1273 2357 1324 2390 CA
1393 2358 1545 2389 brumam

217 2405 264 2435 CA
398 2416 416 2435 2
438 2405 521 2436 focis
537 2404 592 2437 BA
866 2403 976 2434 LXVI
1004 2412 1018 2433 1
1045 2403 1121 2434 labe
1138 2412 1335 2434 numerasse
1352 2401 1406 2433 ΒΑ
