1648 2729
730 113 989 151 EPIGRAM
997 113 1200 152 MATON
1231 114 1335 152 LIB.
1370 115 1428 152 IV

96 225 279 265 discurris
309 233 391 264 tota
420 238 541 276 vagus
571 225 680 272 urbe,
711 237 786 263 nec
816 226 895 263 ulla
924 226 1112 264 cathedra
1141 233 1199 264 est

150 290 212 329 cui
242 304 323 329 non
354 304 470 329 mane
500 291 600 328 feras
629 289 873 339 inrequietus
906 291 1050 338 Have,

94 361 133 392 et
161 353 246 392 sine
275 361 314 391 te
342 352 439 391 nulli
468 354 525 391 fas
555 360 613 391 est
642 352 799 403 prodire
828 352 999 399 tribuno,
1411 368 1428 399 5

148 431 222 457 nec
251 425 357 456 caret
385 418 516 456 officio
546 419 685 456 consul
714 425 880 467 uterque
909 426 977 456 tuo
992 432 1002 466 3

94 491 132 522 et
161 496 272 522 sacro
301 483 433 522 decies
462 482 605 533 repetis
636 482 785 521 Palatia
814 482 916 521 clivo

110 544 113 550 ’
149 548 384 598 Sigerosque
414 561 542 587 meros
573 547 888 597 Partheniosque
918 560 1047 586 sonas.

95 615 210 652 Haec
239 613 383 652 faciant
413 626 508 652 sane
536 612 724 652 iuvenes:
764 612 990 660 deformius,
1023 613 1129 660 Afer,

148 677 312 717 omnino
341 677 438 716 nihil
468 685 526 716 est
555 677 757 717 ardalione
791 691 894 716 sene.
1391 693 1431 715 10

563 779 739 815 LXXIX

95 862 256 910 Hospes
286 873 370 898 eras
399 859 522 898 nostri
552 873 716 909 semper,
751 861 904 906 Matho,
936 857 1146 900 Tiburtini.

146 927 224 964 hoc
253 924 362 963 emis.
422 924 614 974 Inposui:
653 938 717 963 rus
748 924 819 962 tibi
848 925 980 962 vendo
1010 931 1133 962 tuum.

579 1031 732 1067 LXXX

95 1113 305 1152 Declamas
334 1111 374 1150 in
404 1112 522 1159 febre,
556 1113 723 1150 Maron:
756 1112 859 1149 hanc
889 1124 974 1150 esse
1003 1110 1216 1161 phrenesin

147 1177 178 1216 si
207 1176 345 1225 nescis,
378 1190 459 1215 non
489 1190 530 1215 es
561 1190 690 1224 sanus,
721 1176 848 1215 amice
880 1178 1035 1215 Maron.

93 1244 292 1282 declamas
320 1256 445 1293 aeger,
477 1243 676 1281 declamas
706 1241 998 1281 hemitritaeos:

146 1307 178 1346 si
207 1308 348 1346 sudare
377 1307 488 1345 aliter
517 1321 598 1346 non
628 1315 752 1358 potes,
783 1314 840 1345 est
870 1306 979 1345 ratio.

95 1374 266 1423 ‘Magna
295 1380 428 1411 tamen
457 1386 517 1411 res
547 1374 630 1411 est.’
687 1374 803 1410 Erras
818 1387 828 1420 3
867 1386 959 1411 cum
988 1371 1137 1411 viscera
1166 1371 1286 1410 febris
1410 1388 1427 1419 5

147 1437 280 1486 exurit,
313 1451 373 1476 res
403 1445 461 1476 est
491 1450 634 1487 magna
663 1445 802 1485 tacere,
837 1438 992 1476 Maron.

551 1537 750 1574 LXXXII

93 1619 183 1657 Hos
212 1631 373 1668 quoque
402 1618 641 1656 commenda
669 1617 877 1664 Venuleio,
911 1618 1027 1664 Rufe,
1059 1616 1214 1656 libellos

145 1683 299 1733 inputet
329 1691 366 1721 et
395 1682 512 1721 nobis
541 1682 622 1721 otia
650 1696 769 1733 parva
798 1696 902 1733 roga,

91 1749 300 1787 immemor
328 1756 367 1786 et
395 1749 559 1798 paulum
588 1761 769 1786 curarum
799 1761 1046 1799 operumque
1075 1761 1237 1786 suorum

145 1827 226 1852 non
256 1813 393 1852 tetrica
421 1826 545 1863 nugas
575 1813 702 1863 exigat
730 1827 823 1852 aure
853 1827 973 1852 meas.

91 1880 161 1918 sed
181 1892 255 1917 nec
275 1886 365 1929 post
385 1878 556 1928 primum
576 1880 679 1929 legat
699 1880 797 1917 haec
817 1891 1068 1917 summumve
1088 1878 1283 1924 trientem,
1409 1895 1426 1925 5

145 1945 216 1983 sed
244 1957 314 1982 sua
343 1957 435 1982 curn
466 1943 620 1982 medius
650 1943 799 1994 proelia
829 1945 1011 1982 Bacchus
1040 1951 1157 1982 amat.

134 2057 154 2086 5
178 2047 324 2087 prodere
340 2046 398 2077 ΒΑ
415 2047 495 2084 (non
512 2045 558 2086 L)
657 2048 678 2078 8
701 2048 902 2087 sigerosque
914 2046 969 2077 BA
985 2058 993 2078 ε
1017 2047 1236 2086 sigereosque
1255 2045 1304 2077 CA
1407 2057 1428 2086 9

90 2091 191 2122 faciat
205 2101 232 2122 S.
250 2091 384 2122 iuuenis
399 2090 453 2121 ΒΑ
469 2101 477 2122 :
498 2090 622 2122 faciant
638 2101 664 2122 s.
682 2091 824 2122 iuuenes
843 2091 891 2122 CA
1088 2100 1128 2121 10
1151 2090 1354 2121 hardalione
1371 2089 1427 2119 ΒΑ

106 2145 184 2166 cum
199 2134 279 2169 EA)

93 2135 105 2177 <
135 2178 287 2209 LXXIX
311 2189 330 2208 2
354 2187 410 2208 rus
425 2177 502 2208 BA:
526 2178 579 2209 ius
596 2177 642 2209 CA

136 2222 271 2252 LXXX
292 2221 364 2252 hab.
398 2220 428 2251 T
486 2221 589 2251 ‘Cum
607 2221 758 2252 LXXIX
774 2221 868 2261 confl.
890 2220 997 2252 BACA
1015 2221 1160 2261 (propter
1171 2219 1426 2251 similitudinem

92 2266 272 2296 nominum
294 2265 411 2296 Matho
429 2268 459 2295 et
478 2265 614 2303 Maron)
698 2276 761 2305 3—4
779 2270 854 2297 ante
880 2276 929 2296 vv.
954 2275 1015 2295 1—2
1031 2265 1230 2295 Boclmtanu
1327 2275 1347 2303 4
1372 2274 1426 2294 su-

93 2310 193 2340 dares
209 2309 263 2339 ΒΑ
394 2318 414 2347 5
439 2319 476 2339 es
492 2314 582 2339 terra
600 2309 648 2340 CA

137 2351 303 2383 LXXXII
333 2362 346 2382 1
374 2352 511 2383 uenulei
535 2349 591 2383 BA
617 2353 678 2394 <—le
703 2353 770 2394 Pf)
902 2363 922 2391 4
954 2352 1094 2383 tetricas
1118 2351 1193 2384 BA:
1227 2350 1351 2391 tetriga
1378 2350 1426 2382 CA

91 2395 207 2436 exigat
221 2396 285 2438 <-et
297 2394 344 2437 P)
363 2406 394 2428 a.
413 2406 488 2426 mea
505 2396 559 2426 ΒΑ

1299 2449 1340 2481 7*
