1648 2729
173 116 230 153 M.
261 116 384 154 VAL.
419 115 735 154 MARTIALIS

667 228 791 265 XVII

173 300 281 336 Dum
311 311 479 349 proavos
508 306 725 348 atavosque
754 299 872 337 refers
902 305 940 336 et
969 297 1133 337 nomina
1163 311 1316 349 magna,

225 364 322 402 dum
352 363 424 402 tibi
453 371 587 402 noster
616 377 738 414 eques
768 362 929 402 sordida
958 363 1143 402 condicio
1173 372 1243 412 est,

171 430 267 467 dum
297 436 336 467 te
364 442 481 479 posse
510 442 630 479 negas
659 428 734 467 nisi
763 430 853 476 lato,
888 428 1025 476 Gellia,
1058 430 1170 468 clavo

225 495 386 542 nubere,
417 494 599 544 nupsisti,
630 494 767 542 Gellia,
799 493 994 533 cistibero.

656 572 805 609 XVIII

172 637 295 685 Quod
324 636 395 675 tibi
426 635 641 675 Decembri
670 649 818 683 mense,
850 649 930 686 quo
959 637 1094 675 volant
1124 649 1292 687 mappae

171 701 414 752 gracilesque
443 701 586 751 ligulae
615 700 798 751 cereique
827 702 1066 751 chartaeque

172 775 210 805 et
238 774 355 805 acuta
384 766 545 805 senibus
575 774 675 805 testa
704 780 796 804 cum
828 766 1100 814 Damascenis,

172 840 325 882 praeter
353 832 508 870 libellos
537 833 718 870 vernulas
748 831 845 869 nihil
876 831 974 879 misi,

172 900 335 937 fortasse
363 911 501 936 avarus
530 897 665 936 videar
692 905 760 935 aut
789 897 1041 935 inhumanus.
1491 913 1509 945 5

172 963 239 1002 odi
268 964 428 1002 dolosas
457 976 666 1015 munerum
697 970 735 1001 et
764 964 886 1001 malas
914 970 1040 1001 artes:

172 1029 374 1067 imitantur
403 1030 543 1067 hamos
572 1029 702 1067 dona:
742 1041 916 1078 namque
945 1027 1034 1078 quis
1063 1027 1188 1066 nescit

173 1095 334 1133 avidum
365 1102 501 1133 vorata
530 1094 662 1144 decipi
692 1108 845 1132 scarum
876 1095 1046 1132 musca?

174 1159 370 1209 Quotiens
400 1159 529 1198 arnico
559 1159 669 1198 diviti
699 1159 797 1197 nihil
827 1160 960 1206 donat,

174 1240 197 1263 o
229 1224 457 1274 Quintiane,
488 1224 658 1263 liberalis
688 1232 746 1263 est
775 1237 935 1275 pauper.
1472 1241 1511 1262 10

680 1303 782 1340 XIX

174 1368 213 1406 Si
244 1381 322 1418 qua
351 1368 449 1406 fides
479 1367 588 1414 veris,
621 1367 815 1418 praeferri,
847 1357 1017 1406 maxime
1048 1367 1204 1415 Caesar,

228 1433 473 1483 temporibus
502 1440 670 1482 possunt
699 1434 857 1471 saecula
885 1433 994 1470 nulla
1023 1432 1109 1470 tuis.

174 1500 336 1548 quando
367 1498 490 1548 magis
521 1497 662 1548 dignos
692 1497 802 1536 licuit
833 1505 1010 1547 spectare
1039 1497 1295 1548 triumphos?

228 1565 391 1614 quando
421 1563 589 1601 Palatini
618 1564 706 1613 plus
737 1576 913 1601 meruere
943 1562 1040 1601 dei?

174 1629 374 1680 pulchrior
403 1637 441 1667 et
471 1628 596 1667 maior
625 1642 706 1678 quo
735 1628 810 1666 sub
840 1629 942 1666 duce
973 1627 1118 1666 Martia
1148 1629 1309 1666 Roma?
1492 1644 1510 1675 5

228 1696 302 1734 sub
332 1708 412 1745 quo
442 1694 600 1733 libertas
631 1694 808 1744 principe
837 1701 946 1732 tanta
974 1693 1079 1731 fuit?

175 1769 234 1799 est
262 1769 396 1799 tamen
426 1761 504 1798 hoc
532 1759 670 1798 vitium
702 1760 772 1798 sed
802 1772 883 1797 non
913 1760 1008 1806 leve,
1041 1758 1090 1797 sit
1119 1757 1210 1797 licet
1239 1771 1375 1806 unum,

229 1827 339 1876 quod
368 1825 462 1864 colit
490 1825 660 1875 ingratas
689 1838 839 1875 pauper
871 1823 1074 1862 amicitias.

175 1891 262 1941 quis
291 1890 449 1941 largitur
477 1904 572 1941 opes
601 1890 721 1928 veteri
749 1891 912 1939 fidoque
940 1889 1077 1936 sodali,

229 1964 296 1995 aut
325 1970 444 2006 quem
474 1955 725 2006 prosequitur
753 1968 835 1993 non
864 1954 1016 1993 alienus
1046 1955 1197 2004 eques?
1471 1969 1513 1992 10

176 2021 457 2061 Saturnaliciae
486 2020 645 2071 ligulam
676 2020 829 2058 misisse
858 2019 1024 2058 selibrae

230 2086 493 2126 flammarisve
522 2094 637 2136 togae
667 2086 837 2136 scripula
867 2093 950 2123 tota
978 2086 1118 2123 decern

221 2186 319 2217 XVII
346 2186 418 2217 lzab.
438 2185 468 2216 T
527 2197 547 2224 4
572 2185 719 2216 cistisero
730 2184 845 2214 ΑΑΒΑ
861 2195 868 2214 :
892 2183 1052 2214 cistibero
1067 2182 1115 2213 CA
1129 2183 1183 2223 (cs.
1195 2181 1314 2212 Herm.
1324 2181 1414 2221 xxiv,
1431 2183 1511 2221 106;

177 2231 292 2262 eret'n.
311 2229 400 2261 Mus.
414 2230 466 2265 liv,
482 2230 564 2271 309)
714 2228 832 2259 XVIII
851 2237 870 2266 5
888 2227 1007 2258 uidear
1021 2226 1064 2267 (L
1067 2226 1097 2265 f
1100 2226 1112 2266 )
1126 2226 1176 2256 vel
1190 2226 1310 2256 uideor
1320 2225 1442 2266 (PQF)
1455 2225 1510 2255 ΒΑ

180 2285 195 2313 7
222 2275 415 2313 donamque
442 2273 490 2304 CA
623 2273 643 2302 8
668 2277 821 2302 uoratam
837 2272 892 2302 ΒΑ
953 2275 1082 2300 muscat
1114 2269 1163 2300 CA
1295 2280 1316 2308 9
1341 2279 1372 2299 n.
1392 2269 1437 2300 di.
1455 2268 1509 2299 ΒΑ

179 2318 265 2348 XIX
287 2318 360 2348 hab.
384 2318 433 2357 T;
457 2327 506 2349 vv.
528 2325 633 2355 1549
649 2316 721 2347 hab.
740 2316 774 2346 R
903 2325 917 2345 1
944 2313 1017 2344 ueri
1037 2313 1086 2344 CA
1211 2322 1231 2351 5
1255 2313 1361 2343 maior
1374 2311 1511 2343 AACA:

180 2361 298 2392 melior
313 2361 367 2391 ΒΑ
451 2361 542 2400 quod
560 2360 641 2391 TBA
736 2369 752 2398 7
779 2359 842 2389 hoc
858 2369 924 2389 om.
948 2358 978 2388 T
1065 2357 1169 2387 11—16
1194 2366 1266 2387 nov.
1287 2357 1384 2396 epigr.
1403 2355 1510 2386 BACA

182 2415 219 2435 12
244 2405 335 2436 tolae
355 2404 428 2446 (de)
449 2404 498 2435 CA
587 2414 606 2434 e
620 2403 788 2434 lamnisue
805 2403 890 2442 Tagi
907 2401 1032 2431 Munro
1118 2400 1204 2442 sen]
1223 2400 1368 2440 reripala
1390 2399 1421 2430 T
