1648 2729
411 175 594 213 INDEX
633 174 893 213 EPIGRAM
900 175 1103 213 MATON

157 284 224 324 Qui
240 285 327 325 legis
343 285 546 325 Oedipoden
563 285 835 325 caligantemque
851 285 1026 325 Thyesten
1073 285 1116 325 X,
1136 296 1164 324 4.

157 328 225 367 Qui
242 330 343 360 modo
361 340 422 369 per
437 334 542 360 totam
560 329 702 369 flammis
718 329 912 360 stimulatus
929 329 1092 360 harenam
1137 329 1196 369 Ep.
1221 338 1269 367 19.

156 372 225 411 Qui
242 374 391 404 nondum
409 373 550 413 Stygias
565 373 698 412 quaerit
715 373 926 404 descendere
942 374 984 404 ad
1001 373 1138 403 umbras
1184 372 1244 411 XI,
1265 373 1316 411 84.

156 416 220 454 Qui
238 427 329 448 nunc
348 418 537 448 Caesareae
553 418 648 448 lu÷us
664 421 838 456 spectatur
854 417 1002 447 harenae
1049 415 1143 456 VIII,
1161 425 1214 454 3ο.

158 460 225 498 Qui
245 461 416 491 Palatinae
434 465 571 500 caperet
588 461 744 491 convivia
759 469 899 491 mensae
943 459 1037 499 VIII,
1055 469 1108 499 39.

157 503 226 542 Qui
243 505 353 544 pinxit
369 504 538 535 Venerem
555 509 657 543 tuam,
679 504 804 544 Lycori
852 503 876 540 Ι,
900 514 970 534 102.

157 547 225 586 Qui
241 549 351 588 potuit
369 548 495 579 Bacchi
512 553 654 578 matrem
670 548 799 578 dixisse
814 548 1004 578 Tonantem
1050 547 1090 587 V,
1112 558 1163 587 72,

157 591 224 629 Qui
241 597 392 631 praestat
409 593 535 632 pietate
553 593 715 631 pertinaci
760 591 858 630 VIII,
875 594 925 630 38.

157 634 225 673 Qui
245 636 363 666 recitat
380 636 457 667 lana
474 636 590 666 fauces
608 641 640 666 et
658 635 742 666 colla
760 636 932 666 revinctus
976 634 1034 674 VI,
1054 644 1104 674 41.

157 679 225 717 Qui
241 684 352 710 tecum
369 680 467 719 cupis
482 690 559 710 esse
576 689 670 710 meos
686 679 889 718 ubicumque
905 679 1038 709 libellos
1086 678 1111 719 I,
1131 689 1161 709 2.

157 722 224 761 Qui
243 728 362 754 tonsor
377 724 491 754 fueras
507 728 578 754 tota
597 723 792 753 notissimus
810 723 893 753 urbe
938 722 1014 761 VII,
1033 724 1085 761 64.

158 766 249 804 Quid
268 767 394 798 sactum
411 773 473 806 est,
495 777 588 806 rogo,
608 767 689 806 quid
708 772 848 806 repente
866 767 989 797 sactum
1036 766 1074 797 V.
1094 778 1145 805 44.

158 810 249 848 Quid
266 811 348 841 mihi
366 812 485 842 reddat
502 821 584 850 ager
600 811 746 850 quaeris,
768 811 864 845 Line,
886 810 1145 841 Nomentanus?
1192 808 1235 848 II,
1263 809 1315 848 38.

158 854 248 892 Quid
267 855 376 894 nobis,
396 855 520 894 inquis,
539 865 614 885 cum
632 854 800 894 epistola?
846 853 890 893 II,
905 854 1007 895 praef.

158 898 251 936 Quid
267 908 358 928 nunc
375 909 474 929 saeva
494 899 582 937 sugis
600 898 722 937 placidi
739 898 836 937 lepus
852 908 911 928 ora
927 898 1059 928 leonis?
1105 896 1130 933 I,
1151 907 1202 928 22.

158 941 250 980 Quid
267 942 487 981 promittebas
504 942 586 972 mihi
604 941 703 974 milia.
725 942 850 981 Gaure,
869 943 1015 972 ducenta
1060 941 1102 979 V,
1121 942 1174 972 82.

159 985 248 1024 Quid
267 987 470 1016 recitaturus
487 986 677 1016 circumdas
693 985 820 1015 vellera
838 985 948 1015 collo?
989 984 1044 1022 IV,
1060 995 1112 1023 41.

128 1066 131 1069 Ι
161 1031 169 1047 ⁴
181 1029 272 1068 Quid
288 1030 395 1060 sentis
408 1028 416 1042 '
433 1030 545 1069 inquis
565 1030 627 1059 ‘de
644 1029 784 1067 nostris,
805 1029 928 1067 Marce,
948 1027 1112 1059 libellisl'
1158 1028 1199 1065 V,
1219 1028 1273 1065 63.

159 1073 261 1112 Quid,
282 1074 395 1113 stulte,
417 1074 542 1103 nostris
557 1073 710 1103 versibus
727 1078 804 1102 tuos
821 1073 943 1103 misces
958 1074 967 1103 3
1014 1072 1057 1111 X,
1081 1081 1151 1102 100.

159 1117 248 1155 Quid
266 1122 309 1150 te.
330 1117 452 1156 Tucca,
471 1117 563 1147 iuvat
578 1117 695 1147 vetulo
711 1116 853 1146 miscere
872 1116 1015 1146 Falerno
1063 1115 1088 1155 I,
1112 1116 1159 1145 18.

159 1161 250 1199 Quid
267 1161 327 1191 tibi
344 1162 520 1191 nobiscum
537 1166 599 1199 est,
618 1161 688 1191 ludi
705 1161 872 1190 scelerate
890 1160 1051 1199 magister
1096 1159 1157 1198 IX,
1177 1159 1228 1189 68.

161 1205 306 1243 Quidam
325 1215 378 1235 me
395 1206 507 1244 modo,
530 1204 630 1243 Rufe,
652 1204 837 1243 diligenter
880 1203 937 1241 VI,
958 1204 1009 1234 82.

160 1248 336 1288 Quidquid
353 1249 422 1287 agit
441 1248 561 1287 Rufus,
582 1248 666 1278 nihil
685 1253 736 1278 est
753 1247 817 1278 nisi
838 1247 965 1277 Naevia
984 1246 1074 1277 Rufo
1121 1245 1149 1275 Ι.
1165 1246 1207 1275 68

160 1292 334 1332 Quidquid
352 1293 385 1322 in
403 1292 545 1332 Orpheo
563 1292 733 1331 Rhodope
751 1297 926 1331 spectasse
944 1292 1077 1321 theatro
1122 1290 1173 1331 Ep
1201 1299 1251 1320 21.

160 1336 335 1376 Quidquid
354 1336 536 1366 Parrhasia
553 1336 682 1366 nitebat
698 1335 776 1365 aula
822 1335 901 1374 XII,
925 1345 970 1374 15.

160 1380 334 1419 Quidquid
352 1381 489 1419 ponitur
504 1380 582 1410 hinc
600 1384 633 1410 et
651 1380 730 1409 inde
745 1379 855 1409 verris
902 1378 944 1417 II,
964 1388 1016 1417 37.

160 1424 322 1463 Quinque
340 1425 422 1454 satis
438 1424 573 1454 fuerant
589 1435 596 1455 ;
623 1434 698 1453 nam
716 1433 777 1453 sex
795 1428 969 1462 septemve
985 1422 1089 1452 libelli
1133 1420 1227 1461 VIII,
1247 1431 1276 1460 3.

161 1468 289 1507 Quinte
306 1468 512 1498 Caledonios
529 1467 632 1499 Ovidi
648 1468 762 1497 visure
780 1467 964 1497 Britannos
1013 1465 1056 1506 X,
1076 1476 1128 1504 44.

161 1511 384 1551 Quintiliane,
402 1521 509 1551 vagae
525 1511 723 1542 moderator
738 1520 869 1541 summe
885 1510 1046 1540 iuventae
1092 1508 1134 1549 ΙΙ,
1154 1519 1206 1548 90.

161 1555 327 1594 Quintum
345 1565 408 1595 pro
427 1555 577 1594 Decimo,
598 1565 658 1594 pro
677 1554 813 1594 Crasso,
835 1554 978 1593 Regule,
1001 1554 1153 1584 Macrum
1200 1551 1238 1591 V,
1260 1561 1310 1582 21.

161 1599 312 1638 Quintus
328 1603 523 1629 nostrorum
539 1599 624 1629 liber
640 1604 702 1637 est,
720 1597 888 1638 Auguste,
908 1599 1060 1628 iocorum
1102 1596 1142 1635 V,
1166 1606 1212 1635 15.

161 1643 249 1682 Quis
264 1643 358 1674 labor
373 1643 406 1673 in
424 1643 559 1682 phiala?
584 1643 674 1673 docti
695 1642 795 1681 Myos
811 1652 901 1672 anne
919 1641 1107 1680 Myronos?
1147 1639 1240 1679 VIII,
1261 1650 1312 1679 50.

162 1687 250 1726 Quis
267 1687 442 1717 Palatinos
459 1687 611 1717 imitatur
628 1686 774 1725 imagine
792 1686 907 1716 vultus
952 1685 1012 1725 IX,
1033 1695 1085 1724 24.

162 1731 259 1771 Quis,
280 1741 374 1770 rogo,
395 1735 462 1761 tam
479 1732 595 1770 durus,
616 1731 691 1769 quis
707 1736 775 1760 tam
791 1730 852 1760 suit
870 1729 925 1759 ille
943 1729 1112 1769 superbus
1157 1727 1200 1765 X,
1221 1728 1272 1757 66.

162 1775 250 1814 Quis
267 1780 300 1806 te
320 1775 482 1805 Phidiaco
500 1774 690 1814 formatam,
712 1774 807 1813 Iulia,
829 1773 924 1804 caelo
968 1772 1027 1812 VI,
1050 1782 1101 1812 13.

163 1819 328 1859 Quisquis
348 1818 545 1849 Flaminiam
563 1819 657 1858 teris,
676 1819 787 1848 viator
832 1817 894 1857 XI,
918 1827 966 1855 13.

162 1863 328 1902 Quisquis
344 1863 434 1893 laeta
451 1863 519 1892 tuis
536 1866 570 1892 et
585 1873 663 1893 sera
680 1861 881 1901 parentibus
897 1867 997 1900 optas
1042 1860 1085 1899 X,
1107 1869 1156 1899 71.

162 1906 328 1946 Quisquis
344 1906 496 1937 stolaeve
514 1915 730 1945 purpuraeve
748 1910 965 1944 contemptor
1011 1904 1053 1943 X,
1074 1914 1107 1943 5.

162 1951 241 1989 Quo
258 1956 305 1988 tu,
325 1961 404 1990 quo,
423 1950 511 1980 liber
527 1950 648 1988 otiose,
667 1949 781 1980 tendis
826 1948 887 1987 XI,
911 1959 939 1979 1.

163 1994 265 2034 Quod
282 1994 385 2033 alpha
401 1994 483 2033 dixi,
504 1993 628 2030 Corde,
650 1993 911 2032 paenulatorum
957 1991 997 2031 V,
1017 1992 1069 2022 26.

163 2038 264 2077 Quod
282 2037 448 2068 Caietano
466 2037 593 2076 reddis,
615 2036 852 2076 Polycharme,
873 2035 1016 2066 tabellas
1060 2034 1155 2075 VIII,
1176 2045 1228 2074 37.

163 2082 264 2121 Quod
281 2082 406 2112 clamas
422 2091 568 2121 semper,
589 2081 680 2120 quod
698 2080 878 2120 agentibus
895 2079 1073 2118 obstrepis,
1095 2079 1173 2109 Aeli
1220 2078 1245 2118 I,
1264 2087 1319 2117 95.

163 2126 264 2165 Quod
280 2125 473 2156 convivaris
488 2125 564 2155 sine
580 2135 634 2155 me
651 2130 717 2155 tam
736 2134 850 2164 saepe,
873 2123 1027 2162 Luperce
1071 2121 1129 2162 VI,
1149 2133 1202 2162 51.

163 2170 264 2209 Quod
282 2169 379 2208 cupis
395 2170 429 2200 in
447 2169 574 2199 nostris
590 2168 723 2208 dicique
739 2168 877 2207 legique
894 2166 1019 2197 libellis
1064 2166 1120 2203 IV,
1139 2175 1192 2204 31.

164 2214 266 2253 Quod
285 2213 406 2244 Flacco
422 2212 595 2252 Varioque
612 2212 675 2242 suit
691 2221 893 2251 summoque
912 2211 1044 2241 Maroni
1090 2210 1170 2251 XII,
1191 2220 1221 2249 3.

163 2257 262 2297 Quod
278 2257 390 2287 fronte
408 2256 537 2287 Selium
554 2256 669 2286 nubila
685 2256 792 2295 vides,
814 2254 904 2286 Rufe
953 2254 994 2292 II,
1018 2264 1065 2284 Π.

163 2301 266 2340 Quod
282 2301 361 2331 lana
377 2305 478 2340 caput
495 2301 623 2343 alligas,
644 2300 793 2330 Charine
840 2298 919 2337 XII,
939 2299 991 2337 89.

163 2345 263 2384 Quod
281 2345 396 2384 magni
412 2344 586 2375 Thraseae
604 2343 896 2383 consummatique
914 2341 1056 2373 Catonis
1104 2342 1127 2381 Ι,
1147 2343 1178 2374 8.

164 2389 264 2428 Quod
283 2389 366 2419 mihi
382 2389 440 2418 vix
455 2398 544 2418 unus
561 2393 634 2418 toto
653 2388 739 2417 liber
755 2392 855 2417 exeat
872 2397 962 2416 anno
1009 2385 1053 2426 X,
1074 2396 1126 2425 70.

163 2433 267 2472 Quod
283 2442 347 2462 nec
362 2432 512 2462 carmine
528 2431 657 2471 glorior
672 2431 795 2470 supino
841 2429 884 2470 II,
905 2431 957 2461 86.

164 2476 267 2517 Quod
286 2476 388 2506 nimio
406 2476 535 2515 gaudes
551 2480 688 2506 noctem
705 2475 895 2515 producere
914 2474 995 2504 vino
1041 2472 1084 2513 II,
1104 2474 1157 2513 89.
