1648 2729
174 128 230 164 M.
265 127 387 164 VAL.
423 127 741 166 MARTIALIS

286 240 351 278 Iro
381 239 590 290 pauperior
618 241 754 287 forem,
788 239 971 288 Charine,

282 304 314 342 si
345 306 540 344 conchem
570 305 715 344 totiens
746 319 876 344 meam
905 318 1115 345 comesses.

702 384 776 420 XL

177 450 341 490 Pinxisti
369 454 581 500 Venerem,
613 452 720 499 colis,
754 452 1016 499 Artemidore,
1050 452 1297 492 Minervam:

229 524 267 556 et
298 517 447 556 miraris
477 532 577 569 opus
607 518 856 568 displicuisse
885 520 1028 557 tuum?

676 597 796 634 XLII

176 665 353 704 Callidus
384 666 541 704 effracta
570 680 756 705 nummos
785 668 846 704 fur
873 667 1023 704 auferet
1051 679 1151 713 arca,

229 738 450 780 prosternet
479 731 624 782 patrios
654 731 775 782 impia
804 733 964 770 flamma
992 733 1118 770 lares:

176 795 333 834 debitor
361 810 519 835 usuram
550 797 693 847 pariter
722 805 948 847 sortemque
978 796 1147 847 negabit,

230 872 311 897 non
340 861 480 898 reddet
510 859 649 898 sterilis
679 860 830 899 semina
858 859 960 898 iacta
989 873 1123 910 seges:

176 923 490 975 dispensatorem
520 927 635 964 fallax
664 925 849 976 spoliabit
879 925 1017 972 amica,

231 989 428 1028 mercibus
458 998 652 1029 extructas
681 991 822 1029 obruet
850 991 959 1029 unda
987 997 1100 1029 rates.

178 1062 285 1093 extra
313 1056 512 1093 fortunam
542 1062 600 1094 est
629 1055 827 1106 quidquid
857 1056 1027 1094 donatur
1055 1053 1216 1093 amicis:

231 1133 328 1170 quas
358 1120 514 1159 dederis
544 1122 646 1159 solas
676 1134 832 1170 semper
860 1120 1026 1159 habebis
1056 1133 1162 1170 opes.

665 1199 810 1236 XLIII

179 1267 301 1306 Thais
330 1268 451 1306 habet
481 1268 622 1318 nigros,
655 1267 790 1307 niveos
822 1267 1018 1306 Laecania
1047 1268 1197 1307 dentes.

233 1346 335 1383 quae
364 1333 463 1372 ratio
492 1336 579 1372 est?
637 1335 805 1384 Emptos
835 1335 934 1372 haec
963 1334 1095 1380 habet,
1126 1332 1191 1371 illa
1220 1345 1313 1371 suos

679 1412 817 1449 XLIV

289 1481 398 1531 Quid
427 1484 574 1521 factum
605 1489 674 1530 est,
705 1495 812 1532 rogo,
844 1481 940 1532 quid
969 1488 1132 1531 repente
1160 1482 1318 1527 factum,

287 1548 338 1586 ad
368 1561 507 1586 cenam
537 1548 645 1596 mihi,
679 1550 824 1594 Dento,
855 1548 965 1598 quod
994 1546 1221 1594 vocanti,—

289 1612 377 1662 quis
407 1614 541 1651 credat
557 1616 767 1664 P—quater
794 1626 913 1651 ausus
948 1626 989 1651 es
1018 1613 1193 1662 negare?

288 1679 359 1716 sed
389 1692 462 1717 nec
491 1678 652 1728 respicis
682 1686 720 1717 et
749 1678 848 1729 fugis
879 1685 1123 1728 sequentem,

290 1756 409 1792 quem
440 1743 601 1782 thermis
632 1745 753 1782 modo
783 1757 970 1793 quaerere
999 1750 1038 1781 et
1066 1741 1226 1781 theatris

289 1816 327 1846 et
357 1809 610 1847 conclavibus
639 1809 825 1847 omnibus
855 1809 1020 1847 solebas,

291 1873 354 1912 Sic
385 1882 453 1921 est,
485 1882 622 1924 captus
653 1888 693 1913 es
724 1874 902 1913 unctiore
932 1886 1069 1912 mensa

289 1946 327 1977 et
357 1939 481 1977 maior
510 1939 637 1990 rapuit
666 1953 805 1978 canem
836 1939 977 1978 culina.

290 2003 367 2042 iam
398 2012 446 2051 te,
479 2006 549 2043 sed
579 2005 669 2053 cito,
701 2005 903 2055 cognitum
935 2012 972 2043 et
1002 2003 1180 2043 relictum

291 2083 382 2107 curn
411 2070 616 2109 fastidierit
645 2071 792 2121 popina
821 2070 941 2118 dives,

289 2134 475 2184 antiquae
505 2135 637 2174 venies
667 2138 718 2175 ad
748 2150 837 2175 ossa
866 2149 998 2174 cenae.

226 2238 383 2268 XXXIX
401 2249 422 2277 9
440 2238 509 2279 Iro]
528 2239 594 2269 Pro
609 2239 657 2270 CA
794 2250 834 2270 10
851 2239 1006 2270 conchen
1019 2238 1074 2269 ΒΑ

227 2281 324 2311 XLII
353 2292 371 2312 2
397 2287 535 2321 patruos
548 2282 596 2312 CA
730 2293 793 2322 3-4
819 2294 892 2314 nov.
908 2284 1006 2323 epigr.
1028 2281 1138 2313 codd:
1164 2290 1240 2312 corr.
1259 2280 1334 2311 Ital.

1476 322 1516 344 10

1481 2083 1520 2106 10

1455 2282 1519 2320 5-8

181 2336 253 2355 nou.
274 2326 370 2366 epigr.
392 2326 501 2357 codd:
528 2337 606 2356 corr.
626 2326 700 2357 Ital.
840 2338 856 2366 7
881 2327 1040 2366 quicquid
1061 2325 1162 2366 (-dq-)
1180 2324 1254 2356 BA:
1280 2324 1391 2364 siquid
1410 2323 1460 2354 CA

226 2369 339 2399 XLIV
367 2379 379 2399 1
406 2374 546 2409 repeten
566 2373 602 2400 ut
617 2370 679 2401 vid.
703 2371 750 2401 CA
894 2371 1017 2400 factum
1036 2374 1088 2400 est
1104 2369 1179 2400 BA:
1206 2368 1330 2399 facturn
1349 2367 1398 2398 CA
1412 2379 1419 2400 :
1434 2368 1516 2407 sort.

184 2413 340 2443 factumst
473 2425 493 2453 9
518 2414 661 2444 sedicito
681 2414 729 2444 CA
