1648 2729
201 162 258 199 M.
291 162 414 199 VAL.
449 160 766 198 MARTIALIS

684 274 821 312 XCVI

200 346 327 395 Saepe
355 345 495 395 loquar
524 344 691 382 nimium
720 352 857 395 gentes
888 345 1008 394 quod,
1041 343 1167 391 Avite‚
1199 352 1369 384 remotas

254 409 414 456 miraris,
448 409 560 448 Latia
587 411 713 448 factus
742 409 782 447 in
811 409 908 448 urbe
938 423 1070 457 senex,

198 475 491 525 auriferumque
519 477 674 524 Tagum
704 474 833 513 sitiam
863 474 1113 526 patriumque
1142 475 1327 513 Salonem

254 548 292 579 et
321 548 496 590 repetam
526 548 678 578 saturae
708 540 868 579 sordida
897 553 984 577 rura
1012 553 1137 578 casae.

201 607 274 644 Illa
303 607 432 656 placet
461 607 574 643 tellus
603 605 644 643 in
673 619 752 655 qua
781 619 840 643 res
869 618 988 655 parva
1016 605 1177 643 beatum
1519 622 1537 653 5

255 685 318 709 me
347 671 440 709 facit
468 678 507 709 et
537 679 674 709 tenues
704 670 948 708 luxuriantur
976 683 1101 720 opes:

201 735 372 786 pascitur
400 735 474 783 hic,
506 735 561 774 ibi
590 735 715 786 pascit
744 749 861 785 ager3
899 742 1007 785 tepet
1035 734 1126 785 igne
1156 734 1328 785 maligno

255 801 319 840 hic
348 803 470 849 focus,
503 800 652 851 ingenti
681 800 831 839 lumine
860 802 965 839 lucet
993 799 1073 848 ibi;

200 866 264 905 hic
293 868 461 917 pretiosa
492 867 615 904 fames
645 866 980 916 conturbatorque
1010 866 1209 912 macellus,

255 946 392 970 mensa
420 931 475 969 ibi
504 931 648 970 divitiis
678 931 775 969 ruris
804 938 942 981 operta
974 930 1059 978 sui3
1498 946 1538 968 10

200 1005 386 1048 quattuor
414 998 478 1036 hic
507 1006 655 1036 aestate
685 1005 798 1047 togae
828 998 1007 1046 pluresve
1037 1003 1224 1043 teruntur,

252 1063 453 1102 autumnis
482 1062 536 1100 ibi
567 1076 629 1101 me
659 1070 844 1112 quattuor
873 1075 952 1100 una
980 1061 1084 1111 tegit.

201 1130 231 1175 Ι,
264 1130 350 1167 cole
379 1142 486 1166 nunc
515 1141 634 1177 reges,
666 1127 863 1177 quidquid
891 1140 973 1165 non
1000 1133 1171 1177 praestat
1199 1125 1348 1164 amicus

254 1207 345 1231 cum
375 1200 571 1244 praestare
600 1192 670 1231 tibi
699 1192 834 1243 possit,
866 1191 993 1239 Avite,
1024 1193 1145 1230 locus.

683 1276 843 1315 XCVII

205 1343 312 1379 Dum
341 1340 436 1379 levis
465 1354 599 1379 arsura
627 1340 786 1378 struitur
815 1339 990 1378 Libitina
1018 1352 1178 1389 papyro,

254 1408 350 1445 dum
381 1420 551 1444 murram
581 1414 619 1444 et
648 1405 771 1444 casias
800 1404 940 1444 flebilis
969 1418 1065 1442 uxor
1093 1404 1199 1452 emit,

201 1471 279 1509 iam
308 1472 458 1518 scrobe,
490 1470 568 1509 iam
597 1472 711 1518 lecto,
743 1470 821 1508 iam
851 1469 1084 1519 pollinctore
1117 1476 1265 1519 parato,

256 1537 444 1575 heredem
474 1535 627 1586 scripsit
657 1549 721 1574 me
751 1537 908 1574 Numa:
947 1533 1157 1573 convaluit.

686 1618 826 1656 XCIX

202 1683 241 1722 Si
273 1685 458 1722 Romana
485 1684 613 1721 forent
641 1683 740 1720 haec
768 1681 938 1720 Socratis
968 1695 1044 1728 ora,
1076 1681 1241 1719 fuissent

257 1748 381 1787 Iulius
410 1748 450 1786 in
480 1747 627 1786 Saturis
656 1747 787 1798 qualia
816 1748 944 1785 Rufus
973 1745 1103 1785 habet.

741 1829 774 1868 C

204 1894 324 1944 Quid,
356 1896 483 1942 stulte,
516 1894 657 1934 nostris
686 1894 862 1933 versibus
892 1902 980 1932 tuos
1010 1892 1182 1931 misces?

203 1974 293 1999 cum
324 1960 499 2010 litigante
529 1960 625 2010 quid
655 1959 736 2007 tibi,
770 1959 896 2007 miser,
928 1959 1061 1997 libro?

203 2025 300 2076 quid
328 2038 564 2075 congregare
594 2038 684 2063 cum
714 2024 896 2063 leonibus
925 2025 1060 2074 volpes

248 2129 358 2160 XCVI
384 2140 403 2167 4
428 2135 462 2194 it
480 2139 516 2160 re
533 2128 673 2178 tam'BA
699 2172 722 2193 A
742 2138 780 2179 ‘7
796 2127 861 2158 cibi
880 2127 929 2158 CA
1016 2139 1037 2167 9
1061 2127 1223 2158 macellus
1237 2126 1312 2157 BA:
1338 2124 1471 2157 macelli
1487 2125 1537 2157 CA

206 2178 386 2247 14:32&st
405 2173 479 2247 gab.
503 2182 650 2245 Tamuie
658 2171 852 2245 ἐξευζ-ἕςέλ
861 2172 912 2210 13)
951 2225 971 2244 2
995 2214 1101 2244 casias
1116 2213 1178 2242 ΑΛ
1194 2224 1202 2244 2
1225 2212 1332 2244 casias
1349 2214 1360 2249 (
1370 2213 1396 2250 f,
1411 2211 1538 2243 cassias

204 2258 250 2297 L)
270 2260 320 2289 vel
333 2260 458 2290 casiam
483 2259 586 2299 (PQ)
608 2258 683 2289 BA:
718 2259 843 2289 casiam
869 2257 919 2288 CA
1029 2257 1153 2287 sseuilis
1179 2261 1216 2287 ut
1238 2256 1301 2287 vid.
1333 2256 1383 2287 CA
1410 2256 1468 2295 (ita
1493 2254 1533 2294 E,

205 2303 304 2333 sseilis
320 2304 366 2343 A,
388 2302 524 2367 fletibus
539 2302 592 2344 X)
697 2312 718 2341 3
743 2302 946 2341 pollinctore
955 2301 1016 2331 AA
1031 2313 1038 2332 ε
1063 2300 1245 2331 collectore
1256 2300 1313 2330 BA
1330 2300 1408 2342 (pro
1424 2298 1511 2340 pol-)
1530 2309 1538 2329 τ

203 2347 519 2421 ροὲὶέἑῖἳὲθισῑοτεῑ
538 2389 588 2420 CA
669 2389 774 2420 fuisse
788 2389 844 2418 ΒΑ
861 2389 948 2429 (-ent
965 2387 1008 2427 Q)
1024 2399 1032 2418 ε
1054 2387 1175 2418 fuisset
1193 2387 1244 2418 CA
1367 2397 1387 2417 2
1410 2385 1536 2425 satyris

203 2432 266 2473 PQ
486 2434 512 2464 C
537 2443 587 2464 vv.
606 2434 670 2472 3—6
684 2432 759 2464 hab.
783 2432 813 2462 T
934 2442 954 2462 2
978 2431 1164 2471 litigantem
1183 2431 1234 2462 CA
