1648 2729
181 118 237 156 M.
270 118 393 157 VAL.
426 118 742 158 MARTIALIS

657 232 820 270 XXVII

180 300 390 352 Ingenium
420 301 677 353 studiumque
706 302 778 341 tibi
807 315 1016 353 moresque
1044 315 1249 354 genusque

233 375 325 405 sunt
354 367 508 418 equitis,
541 369 692 406 fateor:
730 376 860 407 cetera
889 368 1016 418 plebis
1046 368 1179 408 habes.

178 431 238 471 bis
269 440 432 483 septena
461 432 533 471 tibi
562 446 643 471 non
673 433 751 471 sint
780 433 967 472 subsellia
994 434 1102 481 tanti,

231 505 274 537 ut
303 500 442 537 sedeas
471 498 556 538 viso
585 498 756 549 pallidus
786 500 962 538 Oceano.

645 576 833 614 XXVIII

177 648 231 685 Vt
260 647 363 685 bene
392 647 577 696 loquatur
605 645 828 696 sentiatque
859 647 1096 693 Mamercus,

176 713 329 750 efficere
359 711 487 759 nullis,
518 712 633 759 Aule,
665 711 842 750 moribus
872 710 1026 761 possis:

175 777 321 828 pietate
350 778 485 815 fratres
516 776 684 816 Curvios
713 776 805 815 licet
832 775 978 824 vincas,

175 842 308 893 quiete
339 843 500 890 Nervas,
532 841 720 881 comitate
750 843 946 889 Rusones,

175 907 370 958 probitate
402 909 572 955 Macros,
603 907 802 957 aequitate
832 906 1044 954 Mauricos,
1495 923 1512 955 5

174 973 353 1013 oratione
384 975 570 1024 Regulos,
602 972 700 1012 iocis
730 974 899 1011 Paulos:

173 1038 408 1089 robiginosis
438 1046 582 1077 cuncta
611 1038 797 1077 dentibus
827 1037 941 1076 rodit.

176 1104 397 1143 Hominem
428 1104 645 1154 malignum
674 1105 805 1142 forsan
835 1117 921 1142 esse
950 1111 993 1141 tu
1022 1103 1185 1142 credas:

175 1184 248 1221 ego
278 1183 364 1209 esse
393 1170 581 1208 miserum
612 1170 744 1216 credo,
776 1168 840 1207 cui
869 1170 999 1219 placet
1027 1182 1158 1207 nemo.

658 1247 800 1284 XXIX

173 1317 214 1357 Si
243 1319 404 1368 quando
434 1319 609 1368 leporem
640 1316 761 1355 mittis
790 1316 898 1364 mihi,
931 1315 1070 1364 Gellia,
1101 1315 1222 1355 dicis:

231 1385 498 1421 ‘Formonsus
527 1389 691 1432 septem,
725 1383 871 1429 Marce,
904 1380 1045 1420 diebus
1075 1380 1173 1419 eris.'

173 1448 214 1487 Si
242 1462 325 1487 non
354 1447 522 1495 derides,
553 1447 586 1486 si
614 1461 760 1495 verum,
792 1448 859 1485 lux
888 1460 986 1494 mea,
1019 1459 1161 1493 narras,

227 1513 342 1552 edisti
371 1527 603 1564 numquam,
635 1512 772 1560 Gellia,
805 1520 847 1550 tu
876 1514 1062 1562 leporem.

674 1591 793 1627 XXX

171 1663 306 1709 Varro,
340 1662 566 1711 Sophocleo
595 1673 677 1698 non
705 1659 911 1698 infitiande
940 1660 1135 1697 cothurno

225 1740 300 1765 nec
329 1726 459 1764 minus
489 1726 529 1764 in
561 1725 729 1765 Calabra
758 1724 1010 1775 suspiciende
1038 1725 1128 1774 lyra,

171 1791 285 1830 differ
314 1804 414 1840 opus
444 1804 518 1829 nec
547 1797 586 1828 te
615 1789 777 1828 facundi
806 1803 950 1827 scaena
980 1788 1126 1828 Catulli

225 1856 401 1895 detineat
430 1855 544 1894 cultis
573 1863 641 1893 aut
670 1854 793 1905 elegia
822 1854 946 1893 cornis
961 1869 971 1903 3

170 1923 242 1960 sed
270 1923 356 1971 lege
385 1922 542 1959 fumoso
571 1933 653 1958 non
681 1921 931 1970 aspernanda
962 1918 1175 1958 Decembri
1488 1935 1506 1966 5

225 1986 409 2033 carmina,
441 1985 649 2023 mittuntur
677 1998 779 2035 quae
807 1985 879 2023 tibi
908 1998 1045 2023 mense
1073 1997 1169 2023 suo:
1199 1977 1206 1984 ’

214 2085 348 2116 XXVII
373 2096 423 2116 vv.
446 2094 506 2114 1—2
529 2084 602 2114 hab.
627 2083 658 2114 T
654 2084 688 2113 R
843 2095 862 2115 2
887 2084 1004 2115 fateor.
1019 2083 1094 2114 Cet.
1112 2083 1156 2122 pl.
1178 2084 1233 2115 h.'.2
1252 2084 1505 2125 (interrogative)

168 2129 202 2160 F
201 2128 399 2159 rz'edlaender
499 2128 622 2167 phebis
640 2126 774 2167 (phoe—)
794 2127 843 2158 CA
975 2138 995 2166 3
1019 2127 1086 2158 sint
1101 2127 1175 2159 BA:
1199 2131 1280 2158 sunt
1299 2127 1347 2158 CA

214 2172 368 2203 XXVIII
392 2173 466 2203 hab.
488 2172 519 2203 T
639 2181 653 2201 1
680 2171 800 2210 loquar
816 2171 864 2201 CA
884 2171 955 2212 (sed
968 2171 1124 2210 loquatur
1138 2170 1188 2210 A)
1316 2180 1337 2209 3
1360 2169 1505 2202 Curvios

166 2249 409 2282 Fn'edlaender:
436 2249 549 2280 curios
565 2247 652 2278 codd.
724 2248 838 2278 uincat
857 2248 906 2279 CA
1004 2259 1024 2287 4
1048 2219 1158 2287 quiz?
1173 2251 1208 2278 ut
1222 2247 1286 2278 vid.
1304 2247 1359 2278 EA
1376 2247 1505 2288 (quiete

169 2299 202 2324 et
216 2293 255 2333 P,
271 2293 327 2332 qui
345 2298 379 2324 et
396 2292 471 2331 LQ,
483 2293 540 2332 qui
553 2292 661 2333 etef)
724 2301 868 2322 rusones
885 2291 1017 2323 AACA:
1043 2292 1210 2322 drusones
1223 2291 1276 2321 BA
1368 2301 1385 2330 7
1411 2292 1504 2322 rodis

169 2337 218 2368 CA
318 2338 338 2367 8
363 2336 504 2368 forsitan
526 2336 556 2368 T
869 2335 991 2366 XXIX
1015 2335 1087 2366 hab.
1113 2334 1173 2365 TR
1286 2345 1300 2365 1
1326 2334 1428 2374 gallia
1444 2335 1504 2365 ΑΑ

1090 2386 1142 2404 SUO

212 2413 316 2444 XXX
341 2424 359 2444 2
384 2413 603 2454 suscipiende
616 2412 671 2443 ΒΑ
761 2412 868 2451 lyram
887 2412 935 2443 CA
1024 2413 1047 2443 6
1070 2422 1162 2443 nouo
1180 2411 1233 2442 ΒΑ
