1648 2729
710 119 1183 158 EPIGRAMMATON
1215 119 1319 156 LIB.
1351 120 1434 156 VII

590 231 728 268 XXVI

107 297 378 348 Apollinarem
407 296 577 335 conveni
606 310 752 343 meum,
784 309 940 344 scazon,

106 370 145 402 et
173 362 206 401 si
234 362 495 401 vacabit—ne
525 363 714 400 molestus
743 362 975 409 accedas—,

108 429 185 466 hoc
214 429 514 478 qualecumque,
547 426 658 465 cuius
687 426 820 476 aliqua
848 440 936 476 pars
967 427 1050 477 ipse
1079 434 1147 474 est,

107 492 245 532 dabis:
283 493 609 531 haec—facetum
639 491 1022 530 carmen—inbuant
1051 505 1174 530 aures.

107 558 139 598 si
168 566 207 597 te
236 565 438 608 receptum
467 559 594 596 fronte
623 557 766 596 videris
796 565 888 604 tota,
1423 573 1439 604 5

108 630 203 662 noto
232 622 387 673 rogabis
416 630 458 661 ut
487 623 618 661 favore
647 630 850 661 sustentet.

107 696 257 739 quanto
287 701 474 734 mearum,
507 687 592 735 scis,
624 701 758 726 amore
787 701 978 737 nugarum

108 755 264 804 flagret:
305 766 379 792 nec
408 753 492 803 ipse
522 754 609 803 plus
638 766 771 792 amare
800 761 838 791 te
867 766 1040 803 possum.

108 826 245 858 contra
274 818 466 869 malignos
495 831 581 856 esse
610 818 642 857 si
671 818 782 868 cupis
811 825 929 865 tutus,

108 883 379 934 Apollinarem
409 883 577 922 conveni
607 897 752 929 meum,
784 896 936 921 scazon.
1406 898 1445 921 10

586 961 749 997 XXVII

109 1028 265 1065 Tuscae
294 1025 447 1076 glandis
476 1039 570 1075 aper
598 1026 808 1075 populator
837 1032 875 1062 et
904 1024 991 1062 ilice
1023 1026 1144 1062 multa

164 1091 242 1130 iarn
271 1091 390 1142 piger,
423 1092 589 1129 Aetolae
618 1092 724 1128 fama
754 1091 931 1129 secunda
959 1091 1074 1136 ferae,

110 1170 231 1208 quern
261 1170 372 1195 meus
402 1155 558 1209 intravit
587 1154 813 1205 splendenti
842 1154 1007 1205 cuspide
1038 1156 1195 1201 Dexter,

164 1223 311 1273 praeda
339 1221 440 1261 iacet
469 1221 610 1260 nostris
640 1220 837 1259 invidiosa
865 1220 973 1259 focis.

112 1287 371 1338 pinguescant
400 1287 563 1326 madido
593 1286 683 1325 laeti
713 1285 852 1324 nidore
881 1293 1045 1336 penates
1430 1301 1446 1332 5

166 1354 302 1403 flagret
330 1360 369 1391 et
398 1352 529 1391 exciso
558 1353 657 1390 festa
687 1351 818 1390 culina
846 1350 948 1401 iugo.

113 1419 192 1458 Sed
221 1431 341 1457 cocus
370 1417 573 1468 ingentem
603 1416 748 1467 piperis
778 1424 988 1455 consumet
1017 1429 1199 1454 acervum

165 1484 289 1522 addet
317 1491 357 1522 et
384 1496 529 1522 arcano
559 1481 680 1520 mixta
709 1483 876 1520 Falerna
908 1494 1029 1531 garo:

113 1550 165 1588 ad
194 1548 403 1588 dominum
432 1549 580 1594 redeas,
612 1555 746 1586 noster
773 1555 812 1586 te
841 1560 923 1585 non
952 1545 1057 1596 capit
1086 1545 1196 1596 ignis,

167 1614 424 1653 conturbator
451 1627 567 1664 aper:
605 1612 719 1651 vilius
748 1612 889 1651 esurio.
1415 1626 1452 1648 10

580 1690 768 1728 XXVIII

116 1756 180 1796 Sic
209 1755 442 1795 Tiburtinae
471 1762 620 1794 crescat
648 1754 721 1793 tibi
749 1754 845 1793 silva
876 1753 1029 1792 Dianae

171 1829 210 1861 et
238 1828 421 1872 properet
449 1834 610 1859 caesum
639 1834 757 1870 saepe
786 1819 912 1858 redire
941 1832 1093 1865 nemus,

117 1901 192 1927 nec
220 1886 456 1926 Tartesiacis
488 1888 614 1925 Pallas
643 1894 721 1933 tua,
754 1887 892 1932 Fusce,
924 1884 1083 1935 trapetis

172 1954 288 1992 cedat
317 1960 355 1991 et
384 1951 576 1990 inmodici
605 1952 702 1990 dent
729 1951 837 1989 bona
866 1958 995 1988 musta
1024 1951 1158 1995 lacus3

166 2056 282 2087 XXVI
309 2065 328 2085 2
353 2056 485 2086 uacauit
501 2054 551 2086 CA
567 2059 603 2085 ut
613 2054 676 2085 vid.
692 2055 756 2095 (122.
771 2052 847 2094 -bit)
916 2063 1017 2083 nemo
1030 2052 1108 2084 mol.
1125 2052 1174 2083 CA
1263 2062 1283 2091 3
1307 2052 1393 2082 haec
1408 2051 1457 2082 CA

119 2100 193 2139 ipsa
211 2100 260 2131 CA
343 2110 362 2138 4
386 2099 451 2130 hae
467 2098 604 2130 Gilbert:
629 2099 695 2129 hoc
711 2098 785 2129 Ital.
849 2097 980 2127 facetae
1000 2096 1185 2127 Gronovius
1251 2097 1272 2125 8
1297 2096 1456 2134 flagraret

119 2144 174 2174 ΒΑ
262 2143 282 2176 i.
295 2142 458 2183 templum
469 2153 498 2174 a.
512 2149 546 2174 te
560 2142 614 2173 CA
628 2143 706 2182 (pro
722 2143 741 2172 i.
760 2140 830 2182 [te]
844 2140 920 2180 plus
933 2151 962 2171 a.
979 2142 1028 2174 te)
1103 2151 1125 2180 9
1148 2138 1243 2178 cupis
1253 2139 1308 2169 BA
1325 2150 1332 2169 :
1356 2144 1456 2178 potes

121 2187 170 2219 CA
268 2193 346 2219 tuus
363 2185 464 2227 (EX)
483 2186 534 2217 vel
547 2191 638 2217 tutus
657 2186 721 2227 (A)
742 2185 791 2216 CA
895 2184 1031 2215 XXVII
1055 2194 1075 2213 2
1092 2183 1157 2214 iam
1175 2182 1226 2223 p.]
1241 2182 1386 2222 impiger
1401 2182 1457 2212 ΒΑ

118 2231 209 2262 foret
227 2230 276 2262 CA
294 2232 371 2271 (pro
386 2229 461 2261 fore
475 2240 483 2269 ;
496 2240 528 2260 ιο
539 2235 603 2271 pro
619 2229 652 2269 e)
786 2237 806 2267 3
830 2238 931 2267 quam
943 2228 998 2258 ΒΑ
1116 2236 1136 2265 5
1160 2226 1240 2257 laeti
1255 2226 1331 2256 Ital.
1348 2237 1354 2256 z
1379 2225 1457 2256 tetri

122 2273 246 2316 (LPQ)
264 2275 314 2305 vel
327 2274 388 2305 teti
400 2274 461 2315 (f)
473 2273 528 2304 ΒΑ
549 2273 592 2314 <T
605 2279 666 2313 pro
680 2273 720 2308 L)
739 2284 746 2303 :
766 2272 857 2303 laeto
869 2271 918 2302 CA
1018 2281 1032 2309 7
1059 2270 1226 2301 consumit
1241 2269 1290 2300 CA
1304 2270 1315 2309 (
1319 2274 1382 2309 pro
1393 2271 1454 2307 -etj

125 2328 164 2349 10
187 2318 407 2349 conturbatur
421 2317 477 2347 BA
595 2316 749 2347 XXVIII
775 2327 794 2346 2
818 2325 949 2346 cessum
966 2315 1000 2345 E
1014 2318 1089 2345 ante
1104 2325 1180 2345 corr.
1198 2313 1231 2353 (i.
1242 2323 1265 2344 e.
1286 2323 1454 2346 caessuml

122 2372 142 2402 3
167 2361 261 2436 targis
277 2361 459 2436 iacgaBA:
484 2361 685 2401 tarpesiacis
703 2359 753 2392 CA
846 2358 941 2390 fauce
961 2358 1009 2390 CA
1026 2362 1064 2389 ut
1078 2357 1143 2390 vid.
1162 2356 1234 2399 <sed
1248 2356 1355 2388 fauste
1371 2356 1454 2396 AG)

122 2417 141 2445 4
167 2415 205 2436 ce
232 2410 265 2436 et
281 2410 316 2437 et
