1648 2729
413 181 595 218 INDEX
634 181 1106 221 EPIGRAMMATON

157 292 324 324 Hortatur
341 292 414 322 fieri
433 292 524 332 quod
540 296 572 322 te
591 292 716 331 Lupus,
728 292 865 330 Vrbice,
882 297 1011 332 patrem
1060 293 1121 326 XI.
1141 304 1194 333 55.

157 337 233 368 Hos
248 346 382 375 quoque
399 336 599 367 commenda
616 335 794 375 Venuleio,
815 336 914 376 Rufe,
934 336 1067 367 libellos
1113 337 1168 376 IV,
1187 338 1239 368 82.

156 380 233 411 Hos
249 380 309 411 tibi
326 381 466 418 vicinos,
487 379 658 419 Faustine,
676 379 910 419 Telesphorus
927 381 1044 411 hortos
1090 380 1115 419 I,
1138 390 1208 420 114.

157 424 298 464 Hospes
315 434 391 454 eras
408 424 515 454 nostri
532 433 678 463 semper,
699 424 827 463 Matho,
847 424 1014 454 Tiburtini
1062 424 1118 457 IV.
1140 436 1188 464 79.

158 467 304 498 Hostem
321 477 396 498 cum
415 468 557 506 sugeret,
576 477 615 497 se
633 467 784 507 Fannius
802 468 875 507 ipse
893 469 1038 507 peremit
1083 468 1126 507 ΙΙ,
1146 470 1198 500 80.

158 511 260 542 Hunc
277 522 377 551 quem
397 522 513 541 mensa
533 511 604 550 tibi,
625 522 724 550 quem
743 522 827 542 cena
846 513 978 551 paravit
993 513 1135 543 amicum
1186 512 1245 551 IX,
1270 523 1316 551 14.

159 555 272 596 Hunc,
291 566 391 594 quem
408 565 512 595 saepe
530 555 626 585 vides
644 555 732 585 intra
752 555 941 594 penetralia
959 561 1095 587 nostrae
1141 556 1196 595 IV,
1217 567 1268 596 53.

157 643 182 683 Ι,
203 643 285 674 felix
302 654 390 683 rosa,
410 644 634 683 mollibusque
651 645 754 675 sertis
798 643 875 683 VH,
895 645 948 684 89.

158 687 169 717 Ι
190 694 306 719 nostro
323 698 447 727 comes,
468 689 477 718 i
495 688 619 725 libelle,
641 688 743 718 Flavo
787 687 831 727 X,
854 698 924 727 104.

156 731 168 761 Ι
189 742 288 771 nune,
307 733 412 763 edere
429 742 483 762 me
500 732 578 762 iube
594 732 728 762 libellos
774 731 817 771 II,
836 733 867 763 6.

156 775 262 807 Iactat
279 776 492 815 inaequalem
512 776 626 806 Matho
645 786 698 806 me
716 776 838 806 secisse
854 776 1004 807 libellum
1051 777 1126 818 VII,
1147 788 1197 817 90.

154 819 225 850 lam
244 825 399 850 numerat
417 820 549 859 placido
566 819 650 850 felix
665 819 837 851 Antonius
852 831 938 851 aevo
983 820 1027 860 X,
1049 831 1102 860 23.

157 862 228 894 Iam
246 874 348 903 parce
365 864 465 903 lasso,
485 863 607 902 Roma,
626 864 824 902 gratulatori
871 864 915 902 X,
936 874 986 903 74.

158 906 227 938 lam
245 918 352 947 prope
369 908 524 937 desertos
541 907 674 938 cineres
692 913 725 938 et
740 913 860 938 sancta
879 908 1032 939 Maronis
1076 908 1137 948 XI,
1160 920 1212 949 50.

155 949 226 982 Iam
243 952 360 982 senior
376 951 493 981 Ladon
510 951 691 982 Tiberinae
711 958 812 982 nauta
827 953 967 982 carinae
1011 952 1055 991 X,
1075 953 1127 993 85.

156 993 226 1026 Iam
244 996 351 1026 tristis
368 996 511 1026 nucibus
528 1005 614 1034 puer
630 996 757 1026 relictis
800 995 840 1034 V,
862 996 914 1034 84.

158 1037 226 1069 Ibis
242 1039 391 1078 litoreas,
414 1038 539 1077 Macer,
561 1039 705 1070 Salonas
750 1039 794 1077 X,
814 1040 865 1078 78.

154 1081 226 1113 Icta
241 1084 336 1122 gravi
351 1084 420 1113 telo
437 1083 661 1122 confossaque
678 1082 820 1113 vulnere
836 1088 947 1114 mater
990 1084 1052 1124 Ep.
1074 1094 1123 1124 13.

158 1126 300 1166 Ignotos
317 1127 398 1156 mihi
416 1137 489 1157 curn
507 1137 608 1157 voces
623 1132 797 1157 trecentos
843 1126 904 1166 XI,
925 1137 966 1167 35

158 1169 220 1201 Illa
236 1181 357 1201 manus
375 1171 542 1210 quondam
560 1171 749 1201 studiorum
767 1171 833 1200 fida
851 1181 1000 1201 meorum
1049 1171 1075 1211 I,
1097 1182 1168 1203 101.

158 1214 219 1246 Ille
236 1225 299 1254 ego
317 1225 390 1245 sum
408 1214 569 1254 Scorpus,
589 1214 728 1244 clamosi
745 1214 853 1255 gloria
870 1215 961 1245 Circi
1008 1215 1051 1253 X,
1070 1226 1122 1255 53.

157 1258 218 1289 Ille
234 1259 321 1289 sacri
338 1258 454 1289 lateris
472 1263 584 1289 custos
603 1258 788 1297 Martisque
805 1259 909 1297 togati
955 1258 1013 1297 Vl,
1034 1261 1086 1298 76.

158 1303 317 1342 Improba
335 1302 504 1333 Massiliae
521 1302 684 1341 quidquid
703 1302 844 1332 fumaria
861 1308 986 1342 cogunt
1033 1303 1078 1343 X,
1095 1305 1146 1343 36.

159 1347 196 1377 In
213 1347 377 1377 matutina
394 1356 506 1386 nuper
520 1351 696 1386 spectatus
713 1346 840 1377 harena
886 1346 930 1385 X,
950 1357 1002 1386 25.

159 1391 198 1421 ln
216 1390 451 1428 Nomentanis,
473 1390 585 1422 Ovidi.
602 1390 693 1428 quod
711 1390 860 1420 nascitur
875 1391 966 1429 agris
1013 1390 1038 1431 Ι,
1060 1401 1120 1430 105

160 1435 200 1465 In
218 1434 429 1473 Pompeiano
447 1434 585 1467 dormis.
606 1434 766 1473 Laevine,
784 1434 919 1465 theatro
965 1434 1024 1474 VI,
1040 1446 1071 1473 9.

159 1479 197 1509 In
215 1479 354 1518 Saeptis
373 1477 543 1508 Mamurra
560 1478 617 1508 diu
634 1478 842 1517 multumque
857 1483 1001 1517 vagatus
1047 1478 1106 1515 lx,
1127 1489 1179 1518 59.

160 1522 198 1552 In
216 1523 420 1553 Tartesiacis
437 1523 558 1552 domus
574 1527 627 1552 est
644 1522 823 1552 notissima
839 1523 941 1552 terris
989 1521 1049 1555 IX.
1069 1524 1123 1553 61.

158 1568 198 1598 In
215 1567 356 1597 thermis
370 1566 474 1596 sumit
490 1566 647 1605 lactucas,
668 1576 741 1605 ova,
761 1566 925 1596 lacertum
973 1565 1051 1602 ΧΙΙ,
1074 1577 1123 1605 19.

159 1611 324 1649 Indignas
339 1616 512 1650 premeret
529 1610 636 1649 pestis
654 1620 729 1640 cum
746 1610 858 1640 tabida
874 1609 988 1640 fauces
1035 1609 1060 1650 Ι,
1083 1611 1133 1648 78.

159 1655 316 1693 Indulget
332 1654 447 1694 pecori
463 1654 604 1684 nimium
621 1654 699 1684 dum
716 1659 833 1693 pastor
849 1654 1018 1694 Amyntas
1065 1653 1125 1690 XI,
1143 1664 1195 1692 41.

159 1699 312 1730 Infusum
329 1699 392 1729 sibi
409 1708 519 1738 nuper
535 1709 554 1728 a
570 1704 714 1737 patrono
759 1698 801 1736 V,
820 1708 872 1736 70.

157 1743 337 1782 Ingenium
355 1742 448 1777 mihi,
466 1742 591 1776 Gaure,
609 1742 733 1780 probas
750 1741 797 1772 sic
814 1752 890 1772 esse
908 1742 1067 1781 pusillum
1114 1741 1176 1779 IX,
1194 1753 1247 1781 50.

158 1787 339 1826 Ingenium
354 1786 570 1824 studiumque
587 1786 647 1816 tibi
664 1796 847 1825 moresque
864 1796 1041 1825 genusque
1086 1785 1127 1824 V,
1144 1795 1196 1824 27.

158 1831 336 1870 Inscripsit
352 1830 490 1861 tumulis
505 1834 639 1869 septem
655 1830 822 1860 scelerata
837 1830 986 1860 virorum
1034 1829 1095 1868 IX,
1118 1840 1169 1869 15.

159 1876 293 1906 Inserta
310 1874 444 1914 phialae
463 1873 630 1903 Mentoris
647 1884 747 1903 manu
764 1874 864 1903 ducta
910 1873 971 1913 ΙΙΙ,
992 1884 1044 1912 40.

159 1920 310 1950 Intactas
324 1928 429 1957 quare
446 1918 552 1948 mittis
568 1917 662 1955 mihi,
680 1917 782 1956 Polla,
803 1920 966 1948 coronas}
1015 1917 1077 1951 XI,
1092 1918 1144 1956 89.

159 1964 254 1994 Inter
270 1963 460 1993 Caesareae
475 1961 669 1991 discrimina
685 1971 787 1991 saeva
805 1961 938 1991 Dianae
982 1960 1040 2001 Ep.
1063 1971 1112 1991 12.

158 2008 255 2038 Inter
271 2011 365 2037 tanta
382 2011 460 2035 tuae
478 2005 652 2044 miracula,
671 2004 810 2035 Caesar.
825 2005 976 2035 harenae
1022 2003 1083 2043 IX,
1103 2005 1156 2043 83.

159 2052 272 2082 Intres
288 2050 400 2089 ampla
415 2050 496 2079 licet
513 2049 599 2079 torvi
619 2049 713 2088 lepus
730 2059 788 2079 ora
805 2048 916 2079 leonis
962 2047 987 2081 Ι.
1007 2050 1059 2079 60.

160 2095 255 2126 Invia
271 2093 470 2125 Sarmaticis
488 2092 615 2123 domini
632 2093 734 2123 lorica
752 2092 885 2131 sagittis
929 2091 1006 2131 VII,
1027 2103 1057 2125 2.

159 2139 289 2169 Invitas
304 2138 346 2168 ad
365 2147 495 2176 aprum,
513 2137 613 2176 ponis
630 2136 723 2176 mihi,
739 2136 884 2175 Gallice,
903 2146 1043 2175 porcum
1089 2135 1183 2173 VIII,
1202 2146 1254 2166 22.

158 2183 288 2214 Invitas
304 2186 439 2212 centum
456 2181 701 2220 quadrantibus
717 2185 751 2210 et
767 2181 856 2211 bene
873 2190 978 2210 cenas
1022 2178 1076 2218 IV,
1094 2180 1146 2210 68.

159 2227 288 2258 Invitas
304 2232 385 2257 tunc
402 2235 455 2255 me
471 2235 545 2255 cum
563 2225 640 2263 scis,
661 2224 796 2262 Nasica,
812 2234 955 2254 vocasse
1001 2223 1045 2261 ΙΙ,
1066 2233 1115 2262 79.

161 2271 307 2301 Invitum
325 2280 450 2300 cenare
466 2269 548 2299 foris
564 2273 608 2307 te,
626 2268 788 2306 Classice,
809 2268 892 2298 dicis
939 2267 983 2304 ΙΙ,
1003 2269 1055 2306 69.

160 2314 266 2345 Irasci
283 2318 404 2345 nostro
420 2323 489 2343 non
504 2313 620 2351 debes,
639 2313 754 2351 cerdo,
774 2312 887 2343 libello
934 2311 995 2351 ΙΙΙ,
1015 2322 1067 2350 99.

161 2359 266 2389 Irasci
283 2362 414 2389 tanturn
432 2357 549 2387 felices
566 2356 674 2386 nostis
690 2356 788 2386 amici
835 2355 897 2394 ΙΙΙ,
917 2366 971 2394 37.

161 2403 235 2433 Issa
250 2407 303 2433 est
319 2411 459 2441 passere
477 2401 622 2440 nequior
637 2400 761 2430 Catulli
808 2399 834 2438 Ι,
857 2409 928 2438 109.

162 2446 294 2485 Istanti‚
313 2455 380 2484 quo
398 2455 460 2475 nec
477 2445 644 2475 sincerior
660 2444 746 2474 alter
761 2444 908 2474 habetur
951 2442 1046 2481 VIII,
1068 2453 1117 2481 73.

162 2490 234 2521 Itur
249 2490 293 2520 ad
311 2489 474 2520 Herculei
490 2488 620 2528 gelidas
635 2499 702 2528 qua
717 2488 815 2518 Tibm
824 2488 852 2518 is
866 2497 966 2518 arces
1006 2486 1031 2526 Ι,
1056 2497 1103 2517 12.
