1648 2729
197 171 254 207 M.
287 171 410 208 VAL.
444 170 759 208 MARTIALIS

196 282 389 333 rumpitur
418 282 565 321 invidia
594 283 703 333 quod
733 282 848 320 turba
876 295 1031 332 semper
1060 282 1100 320 in
1130 281 1239 320 omni

250 356 516 386 monstramur
543 347 678 398 digito,
709 347 904 398 rumpitur
930 347 1089 386 invidia.

197 413 390 464 rumpitur
418 413 566 452 invidia
594 412 730 451 tribuit
759 414 868 463 quod
899 414 1044 453 Caesar
1073 420 1238 463 uterque
1511 431 1528 461 5

251 478 311 517 ius
341 478 437 516 mihi
467 486 662 525 natorum,
693 477 886 528 rumpitur
915 477 1072 516 invidia.

197 543 391 594 rumpitur
419 543 567 582 invidia
596 545 705 593 quod
735 557 799 581 rus
829 543 926 581 mihi
954 544 1072 582 dulce
1101 542 1175 581 sub
1204 542 1301 581 urbe
1330 550 1390 581 est

252 623 451 661 parvaque
480 608 519 647 in
549 609 646 648 urbe
676 610 831 656 domus,
863 608 1057 659 rumpitur
1085 607 1244 646 invidia.

198 674 390 725 rumpitur
418 673 567 712 invidia
595 675 705 724 quod
734 687 822 712 sum
851 673 1049 712 iucundus
1077 672 1225 720 amicis,

252 742 362 791 quod
391 740 557 779 conviva
586 741 782 790 frequens,
813 739 1007 790 rumpitur
1034 739 1193 778 invidia.
1498 755 1536 778 ιο

199 805 392 856 rumpitur
420 805 568 843 invidia
597 806 706 855 quod
735 817 915 843 amamur
943 806 1134 854 quodque
1163 805 1400 855 probamur:

252 878 456 921 rumpatur
483 870 662 920 quisquis
690 870 885 920 rumpitur
912 869 1071 909 invidia.

667 959 853 998 XCVIII

199 1029 501 1069 Vindemiarum
532 1043 612 1068 non
642 1029 791 1079 ubique
820 1036 1033 1079 proventus

198 1095 374 1142 cessavit,
407 1094 526 1134 Ovidi
542 1110 552 1143 3
590 1094 722 1145 pluvia
750 1094 895 1144 profuit
923 1093 1091 1144 grandis.

201 1169 361 1200 centum
393 1162 572 1200 Coranus
602 1161 813 1210 amphoras
842 1173 969 1209 aquae
998 1158 1100 1197 fecit.

684 1248 823 1286 XCIX

202 1323 361 1359 Marcus
390 1327 497 1358 amat
526 1326 678 1357 nostras
707 1318 917 1365 Antonius,
949 1316 1093 1366 Attice,
1125 1318 1273 1365 Musas,

255 1387 390 1424 charta
419 1384 618 1423 salutatrix
647 1384 678 1422 si
708 1385 831 1423 modo
860 1398 951 1422 vera
978 1385 1119 1422 refert:

204 1453 364 1489 Marcus
395 1450 595 1489 Palladiae
624 1464 705 1489 non
735 1449 942 1488 infitianda
967 1450 1140 1487 Tolosae

253 1516 386 1567 gloria,
418 1530 537 1567 quem
566 1515 702 1566 genuit
732 1514 845 1554 Pacis
873 1516 1035 1552 alumna
1064 1513 1199 1562 Quies.

201 1591 242 1621 tu
273 1582 340 1633 qui
369 1584 486 1633 longa
515 1588 628 1632 potes
658 1580 868 1631 dispendia
899 1581 998 1618 ferre
1026 1579 1189 1626 viarum,
1520 1595 1538 1626 5

254 1648 278 1696 i,
309 1648 417 1694 liber,
449 1646 625 1685 absentis
654 1646 795 1696 pignus
825 1644 1031 1684 amicitiae.

200 1713 286 1752 vilis
316 1727 410 1759 eras,
442 1714 577 1759 fateor,
609 1711 640 1749 si
670 1719 707 1749 te
737 1724 844 1749 nunc
874 1710 1045 1748 mitteret
1074 1717 1229 1759 emptor
1244 1723 1255 1757 ,·

255 1779 403 1829 grande
433 1778 489 1816 tui
519 1777 688 1828 pretium
718 1776 891 1814 muneris
921 1783 1058 1814 auctor
1087 1775 1182 1814 erit:

202 1846 382 1891 multum,
414 1844 531 1882 crede
561 1842 667 1889 mihi,
700 1843 815 1881 refert
844 1855 867 1880 a
895 1843 1004 1880 fonte
1034 1840 1191 1880 bibatur

257 1923 359 1960 quae
388 1908 473 1947 fluit
502 1922 552 1946 an
582 1907 692 1958 pigro
722 1921 824 1958 quae
853 1915 984 1958 stupet
1014 1907 1122 1945 unda
1150 1907 1248 1944 lacu.
1503 1920 1539 1942 10

740 1991 773 2030 C

205 2063 371 2102 Denaris
401 2062 525 2101 tribus
554 2061 695 2099 invitas
725 2069 763 2100 et
793 2074 910 2099 mane
938 2067 1115 2110 togatum

256 2129 463 2167 observare
492 2126 605 2165 iubes
634 2126 740 2173 atria,
773 2127 906 2173 Basse,
937 2133 1014 2172 tua,

250 2232 379 2264 XCVII
408 2243 442 2262 11
470 2242 622 2263 amamus
640 2232 673 2262 R
692 2243 699 2262 z
722 2241 874 2262 amamur
888 2229 998 2261 BACA

249 2276 396 2307 XCVIII
422 2287 442 2315 3
466 2275 597 2307 corinui
617 2275 666 2307 CA

248 2321 365 2351 XCIX
390 2330 409 2358 3
435 2320 593 2360 pallidjae
611 2319 710 2360 (EA)
728 2318 778 2349 vel
791 2319 862 2348 —ad-
881 2316 931 2348 CA
1018 2316 1200 2347 inficiande
1216 2314 1272 2345 BA
1335 2313 1470 2345 iocosae
1489 2313 1539 2345 CA

205 2377 223 2403 4
247 2375 346 2404 quam
364 2363 595 2394 Friedlaender
682 2363 809 2401 gemuit
827 2360 926 2401 (EA)
943 2360 994 2391 vel
1005 2360 1121 2399 genuit
1139 2360 1188 2391 CA
1327 2359 1349 2388 6
1372 2358 1382 2388 i
1398 2368 1464 2388 om.
1484 2357 1539 2388 ΒΑ

205 2419 222 2447 7
249 2418 338 2438 nunc
356 2412 390 2438 te
406 2407 462 2437 ΒΑ
479 2418 486 2438 :
511 2412 544 2438 te
562 2417 652 2437 nunc
671 2406 720 2437 CA
786 2406 921 2436 mittere
938 2409 1068 2444 tempto
1086 2403 1136 2434 CA
1235 2412 1274 2434 10
1297 2402 1360 2433 fuit
1373 2401 1471 2443 (EA)
1492 2401 1542 2432 vel

203 2452 276 2482 ssuit
294 2451 357 2492 (X)
378 2450 426 2481 CA
