1648 2729
747 128 1218 168 EPIGRAMMATON
1251 129 1355 167 LIB.
1389 130 1454 186 III

606 238 746 277 XCIV

123 305 220 342 Esse
250 316 369 354 negas
399 309 559 341 coctum
589 303 765 353 leporem
795 303 1006 354 poscisque
1035 305 1198 354 flagella.

176 365 316 416 Mavis,
350 370 465 415 Rufe,
498 381 640 407 cocum
671 368 851 408 scindere
881 383 1000 419 quam
1031 370 1217 420 leporem.

604 469 745 508 XCIX

122 538 242 578 Irasci
271 546 406 578 nostro
435 552 517 577 non
546 540 680 587 debes,
712 540 844 587 cerdo,
875 539 1020 578 libello.

173 618 234 643 ars
264 612 331 643 tua
359 618 441 643 non
469 604 548 643 vita
577 612 636 643 est
664 604 838 643 carmine
868 606 972 643 laesa
1004 618 1103 644 meo.

119 670 314 709 innocuos
344 669 525 720 permitte
555 672 665 709 sales.
727 671 809 710 Cur
837 671 973 709 ludere
1004 670 1120 710 nobis

174 749 255 774 non
284 735 410 783 liceat,
441 735 550 774 licuit
579 735 611 775 si
640 735 814 786 iugulare
844 735 943 775 tibi?

661 835 694 875 C

120 908 331 947 Cursorem
362 914 470 945 sexta
498 905 581 953 tibi,
614 907 729 953 Rufe,
763 905 983 944 remisimus
1015 907 1110 945 hora

172 969 348 1008 carmina
376 983 495 1020 quern
531 968 737 1007 madidum
769 976 902 1007 nostra
931 968 1067 1008 tulisse
1097 983 1214 1008 reor:

118 1035 312 1074 imbribus
342 1035 554 1074 inmodicis
585 1036 739 1074 caelum
770 1048 862 1073 narn
892 1036 991 1074 forte
1021 1036 1170 1074 ruebat.

172 1115 253 1140 non
282 1100 393 1139 aliter
422 1100 523 1139 mitti
553 1100 692 1139 debuit
721 1100 785 1139 ille
815 1100 922 1139 liber.

162 1204 281 1235 XCIX
304 1204 378 1236 hab.
402 1204 433 1235 T
568 1214 589 1244 3
613 1214 681 1235 non
700 1214 827 1235 nocuos
843 1203 924 1234 AA:
951 1204 1116 1235 innocuos
1132 1204 1240 1235 BACA
1340 1205 1459 1235 ludere

118 1248 235 1279 AABA
250 1260 257 1279 :
281 1248 418 1279 laedere
430 1247 480 1278 CA
555 1259 574 1287 4
600 1258 668 1279 non
687 1247 791 1285 licuit,
809 1247 909 1278 liceat
926 1247 1039 1278 AACA
1054 1259 1060 1278 :
1086 1258 1153 1278 non
1171 1249 1280 1287 liceat,
1296 1248 1389 1280 licuit
1403 1249 1457 1280 BA

162 1293 188 1324 C
217 1302 231 1323 1
260 1293 411 1324 misimus
428 1291 476 1322 CA
697 1302 717 1330 4
742 1291 799 1322 ille
816 1291 892 1322 BA:
919 1292 983 1322 iste
1004 1291 1050 1323 CA
