1648 2729
206 154 263 191 M.
295 154 417 191 VAL.
452 153 768 193 MARTIALIS

203 267 377 304 clamant
406 279 499 305 ecce
529 266 608 306 mei
640 267 710 305 ‘Io
739 266 979 305 Saturnalia'
1008 281 1168 306 versus:
1527 286 1544 316 5

258 339 296 370 et
325 331 417 370 licet
446 339 484 370 et
513 332 587 371 sub
618 339 656 371 te
685 332 875 382 praeside,
909 334 1050 380 Nerva,
1083 333 1189 371 libet.

204 398 391 435 Lectores
421 397 547 436 tetrici
576 398 821 436 salebrosum
852 397 1016 437 ediscite
1046 399 1251 437 Santram:

257 462 312 500 nil
342 462 438 501 mihi
468 463 675 502 vobiscum
706 471 791 502 est:
830 463 903 503 iste
933 463 1032 502 liber
1060 477 1180 503 meus¹
1199 467 1271 503 est.

736 559 803 596 ΙΙΙ

205 628 297 665 Non
329 628 479 666 urbana
508 641 597 666 mea
626 635 779 666 tantum
810 627 1034 679 Pimpleide
1063 630 1238 679 gaudent

257 693 338 731 otia
366 707 441 732 nec
469 693 602 732 vacuis
631 693 792 732 auribus
822 693 896 732 ista
925 695 1076 742 damus,

202 760 272 797 sed
303 772 414 797 meus
443 759 483 796 in
515 758 664 797 Geticis
693 760 744 798 ad
776 759 920 797 Martia
948 759 1059 809 signa
1087 759 1237 810 pruinis

255 837 278 862 a
307 824 432 874 rigido
462 824 597 862 teritur
626 824 858 864 centurione
887 825 996 871 liber,

201 889 344 927 dicitur
373 897 411 928 et
440 897 596 928 nostros
626 898 783 929 cantare
814 889 1018 928 Britannia
1047 903 1191 928 versus.
1525 908 1541 938 5

257 954 366 1004 Quid
396 957 586 1005 prodest?
643 955 768 994 nescit
798 957 978 994 sacculus
1008 955 1082 994 ista
1113 969 1236 994 meus.

200 1022 254 1058 At
284 1034 404 1070 quam
433 1020 602 1059 victuras
633 1029 859 1072 poteramus
889 1034 1060 1071 pangere
1090 1022 1244 1060 chartas

255 1093 483 1135 quantaque
514 1086 641 1125 Pieria
669 1086 818 1136 proelia
846 1088 939 1125 flare
970 1086 1075 1133 tuba,

200 1164 291 1188 cum
321 1151 386 1201 pia
414 1151 659 1190 reddiderint
687 1154 913 1202 Augustum
944 1151 1109 1190 numina
1137 1151 1257 1199 terris,

253 1224 292 1255 et
323 1218 600 1255 Maecenatem
631 1217 662 1256 si
691 1217 773 1265 tibi,
807 1219 948 1265 Roma,
981 1218 1146 1256 darent!
1504 1234 1542 1256 10

733 1313 794 1350 IV

199 1383 316 1420 Sacra
345 1383 524 1432 laresque
554 1384 764 1433 Phrygum,
797 1396 896 1433 quos
926 1381 1070 1420 Troiae
1100 1381 1238 1420 maluit
1266 1382 1379 1420 heres

253 1460 373 1497 quam
403 1461 538 1498 rapere
567 1462 718 1486 arsuras
749 1447 1035 1486 Laomedontis
1066 1461 1172 1498 opeS‚

199 1512 365 1563 scriptus
395 1521 434 1551 et
462 1521 624 1552 aeterno
653 1527 761 1552 nunc
790 1513 962 1563 primum
994 1513 1172 1563 Iuppiter
1201 1526 1297 1551 auro

253 1586 292 1616 et
320 1591 429 1616 soror
458 1586 496 1617 et
526 1579 672 1617 summi
701 1578 781 1617 filia
810 1587 892 1617 tota
920 1578 1050 1629 patris,

199 1650 237 1681 et
267 1643 334 1693 qui
364 1644 569 1694 purpureis
599 1644 676 1682 iam
708 1644 820 1683 tertia
850 1644 1013 1683 nomina
1043 1643 1163 1691 fastis,
1522 1660 1539 1691 5

254 1710 362 1756 Iane,
394 1710 512 1748 refers
542 1711 697 1748 Nervae
711 1724 723 1757 3
759 1723 829 1747 vos
859 1723 998 1759 precor
1027 1722 1094 1746 ore
1122 1707 1213 1758 pio:

199 1776 305 1812 hunc
335 1788 474 1812 omnes
505 1783 656 1813 servate
685 1776 840 1821 ducem,
873 1782 1024 1813 servate
1059 1781 1240 1812 senatum
1257 1787 1268 1821 3

253 1839 429 1878 moribus
459 1839 523 1878 hic
552 1839 656 1878 vivat
685 1839 883 1890 principis,
916 1839 980 1878 ille
1010 1839 1101 1877 suis.

740 1940 778 1976 V

197 2011 327 2047 Tanta
356 2009 427 2047 tibi
457 2017 515 2048 est
544 2009 639 2048 recti
669 2009 895 2057 reverentia,
929 2011 1085 2056 Caesar,
1119 2016 1157 2047 et
1185 2007 1304 2058 aequi

252 2082 400 2124 quanta
429 2076 587 2113 Numae
616 2076 767 2113 fuerat:
806 2076 877 2114 sed
907 2076 1042 2113 Numa
1070 2087 1220 2124 pauper
1249 2080 1341 2112 erat.

246 2177 278 2208 11
303 2187 322 2217 5
348 2178 450 2210 metio
469 2178 519 2209 CA
536 2178 648 2219 (Tpro
664 2177 693 2218 I)
850 2180 871 2209 6
894 2179 996 2211 libet.
1009 2203 1017 2211 .
1029 2202 1036 2210 .
1053 2179 1132 2210 licet
1148 2178 1222 2209 Ital.
1381 2178 1444 2216 7-8
1462 2187 1535 2208 nov.

197 2221 293 2262 epigr.
312 2222 368 2252 ΒΑ
472 2232 490 2261 7
515 2223 638 2253 tetricu
655 2221 745 2262 (-cii)
765 2222 815 2253 CA
904 2223 1028 2253 edicite
1043 2228 1195 2253 santrum
1213 2221 1269 2252 ΒΑ
1441 2219 1493 2251 111
1520 2230 1535 2250 1

196 2265 327 2304 piei-ide
343 2265 400 2295 ΒΑ
415 2277 422 2296 :
446 2266 581 2306 pipeide
601 2265 650 2297 CA
666 2278 672 2296 :
697 2276 773 2297 corr.
790 2266 863 2297 Ital.
977 2276 997 2305 3
1021 2267 1152 2305 genicis
1167 2265 1216 2296 CA
1347 2265 1369 2295 6
1391 2264 1457 2295 iste
1471 2262 1538 2304 LQ

198 2319 214 2347 7
233 2314 375 2348 tangere
393 2309 443 2340 CA
575 2311 595 2340 8
619 2315 823 2349 quamtaque
842 2309 892 2340 CA
1026 2319 1064 2340 10
1089 2311 1210 2340 darent
1227 2308 1409 2339 Heinsius:
1437 2308 1536 2339 daret

197 2352 286 2384 codd.
519 2353 566 2383 IV
593 2363 607 2383 1
633 2354 718 2384 troia
734 2353 783 2384 CA
915 2363 934 2382 2
958 2353 1183 2384 laumedontis
1203 2352 1252 2383 CA
1383 2361 1403 2390 3
1428 2351 1478 2392 et]
1498 2361 1536 2382 es

196 2395 250 2425 BA
384 2408 403 2435 4
428 2401 508 2427 nota
520 2397 576 2427 ΒΑ
695 2398 716 2427 6
739 2397 847 2427 refers
865 2395 964 2438 (Vex
979 2407 1058 2428 corr.
1075 2396 1132 2437 X)
1150 2397 1200 2428 vel
1214 2396 1344 2427 referas
1362 2394 1464 2436 (EA)
1485 2394 1535 2425 CA

198 2447 254 2512 pia)
271 2472 320 2505 CA
337 2477 373 2503 ut
388 2473 450 2506 vid.
473 2473 562 2514 (pica
577 2473 658 2516 EA)
793 2473 824 2504 V
850 2483 864 2504 1
891 2478 944 2505 est
959 2474 1018 2505 tibi
1037 2473 1133 2515 (EA)
1151 2474 1201 2504 vel
1215 2473 1275 2504 tibi
1293 2476 1346 2504 est
1364 2470 1432 2513 (Χ)
1454 2471 1504 2502 CA
