1648 2729
179 126 651 165 EPIGRAMMATON
682 127 786 164 LIB.
820 127 838 164 I

673 240 808 279 CXVI

178 308 271 344 Hoc
301 318 441 343 nemus
469 312 631 343 aeterno
659 304 836 343 cinerum
867 303 1031 343 sacravit
1059 304 1200 344 honori

231 368 400 408 Faenius
430 377 468 408 et
498 368 592 407 culti
621 368 754 419 iugera
782 370 947 419 pulchra
975 368 1058 408 soli.

176 437 253 474 hoc
281 435 423 484 tegitur
452 434 531 473 cito
561 441 671 484 rapta
699 432 779 472 suis
808 436 972 473 Antulla
1000 436 1221 484 sepulchro,

230 502 307 539 hoc
337 499 407 539 erit
436 500 624 537 Antullae
654 498 798 537 mixtus
827 506 993 549 uterque
1021 513 1173 550 parens.

177 567 206 603 si
237 565 345 615 cupit
373 566 482 603 hunc
510 564 663 614 aliquis,
695 578 852 612 moneo,
884 578 935 603 ne
964 572 1093 614 speret
1121 566 1317 615 agellum:
1495 582 1511 612 5

230 639 422 681 perpetuo
451 629 625 668 dominis
655 629 796 668 serviet
825 629 897 669 iste
927 630 1017 668 suis.

654 713 812 751 CXVII

286 777 469 817 Occurris
499 776 693 826 quotiens,
727 778 916 827 Luperce,
949 776 1077 825 nobis,

287 843 382 881 ‘Vis
412 842 564 881 mittam
594 843 782 892 puerum'
812 842 983 881 subinde
1011 842 1121 890 dicis,

289 908 372 948 ‘cui
402 909 532 946 tradas
561 907 874 957 epigrammaton
904 907 1093 955 libellum,

285 977 431 1013 lectum
463 986 581 1023 quem
613 971 684 1010 tibi
713 971 892 1022 protinus
922 973 1170 1011 remittam?'

287 1041 380 1077 Non
410 1046 468 1077 est
498 1038 607 1088 quod
636 1051 813 1087 puerum,
847 1039 1039 1088 Luperce,
1070 1052 1197 1077 vexes.
1493 1056 1511 1086 5

286 1107 448 1154 longum
479 1111 548 1150 est,
582 1102 613 1140 si
642 1102 735 1141 velit
765 1104 815 1141 ad
847 1102 980 1141 Pirum
1011 1102 1155 1151 venire,

286 1177 324 1209 et
354 1168 467 1207 scalis
497 1167 634 1206 habito
663 1167 786 1206 tribus
817 1169 886 1206 sed
915 1167 1013 1206 altis.

287 1236 396 1284 quod
427 1233 580 1283 quaeris
610 1232 773 1283 propius
803 1241 913 1283 petas
943 1233 1090 1272 licebit.

287 1299 381 1349 Argi
412 1312 556 1348 nempe
586 1300 689 1337 soles
719 1298 851 1337 subire
882 1300 1050 1338 Letum:

287 1373 424 1404 contra
453 1363 632 1403 Caesaris
662 1371 720 1402 est
749 1365 875 1402 forum
907 1364 1071 1402 taberna
1474 1380 1515 1403 10

288 1429 440 1480 scriptis
469 1428 649 1479 postibus
679 1427 771 1466 hine
801 1436 838 1467 et
868 1428 962 1467 inde
991 1428 1094 1477 totis,

288 1494 417 1534 omnis
447 1502 489 1532 ut
518 1493 597 1532 cito
626 1495 803 1544 perlegas
832 1501 980 1544 poetas.

290 1561 396 1599 illinc
426 1573 489 1598 me
518 1566 620 1609 pete.
680 1560 766 1596 Nec
796 1572 908 1608 roges
938 1560 1200 1597 Atrectum—

289 1628 365 1665 hoc
395 1639 542 1663 nomen
572 1623 759 1663 dominus
787 1623 884 1674 gerit
913 1624 1176 1663 tabernae—z

289 1694 339 1730 de
368 1690 496 1741 primo
525 1689 635 1728 dabit
663 1691 835 1728 alterove
863 1689 961 1728 nido
1478 1706 1514 1737 15

290 1770 418 1795 rasum
450 1755 607 1806 pumice
636 1768 887 1804 purpuraque
916 1756 1066 1793 cultum

291 1822 445 1860 denaris
474 1820 545 1858 tibi
575 1819 752 1870 quinque
783 1819 1017 1858 Martialem.

294 1886 436 1925 ‘Tanti
466 1899 547 1924 non
577 1886 639 1923 es’
669 1885 755 1923 ais?
808 1884 932 1936 SapiS‚
964 1886 1155 1935 Luperce.

650 1968 833 2006 CXVIII

186 2035 261 2074 (jui
290 2034 430 2084 legisse
460 2033 551 2071 satis
581 2046 662 2071 non
692 2040 750 2070 est
779 2031 1061 2082 epigrammata
1090 2039 1262 2079 centum,

239 2100 293 2138 nil
322 2099 375 2137 illi
406 2098 498 2137 satis
528 2105 596 2145 est,
630 2097 881 2145 Caediciane‚
914 2097 1019 2136 mali.

228 2203 339 2234 CXVI
354 2203 428 2233 hab.
448 2202 478 2232 T
522 2212 533 2232 1
553 2207 731 2232 aeternum
743 2200 804 2230 ΛΑ
848 2201 996 2232 cinerem
1008 2200 1064 2230 ΒΑ
1102 2201 1233 2237 honore
1246 2200 1294 2231 CA
1340 2211 1359 2231 2
1376 2201 1515 2240 pulchra

184 2247 296 2278 AACA
311 2259 318 2277 z
343 2257 449 2285 pauca
462 2246 517 2276 BA
605 2256 624 2284 3
644 2246 715 2276 suis
733 2255 799 2275 om.
821 2245 851 2276 T
934 2255 954 2284 5
971 2254 1090 2275 mones
1106 2249 1204 2283 peret
1222 2243 1252 2274 T
1333 2246 1354 2275 6
1372 2254 1453 2275 suus
1469 2244 1517 2275 CA

228 2290 357 2320 CXVII
383 2289 528 2320 occurrit
544 2289 598 2318 ΒΑ
707 2290 729 2319 6
753 2288 837 2320 uelis
856 2289 904 2319 CA
1006 2289 1027 2318 8
1050 2292 1146 2327 petas
1166 2287 1305 2327 propius
1324 2288 1373 2318 CA
1478 2298 1516 2326 13

186 2340 281 2373 petes
302 2334 350 2364 CA
438 2337 605 2363 arrectum
625 2332 700 2372 (pro
715 2332 888 2363 adrectum
908 2332 955 2362 vel
968 2330 1049 2372 atr-)
1071 2331 1120 2363 CA
1234 2341 1271 2370 15
1296 2332 1375 2362 nido
1393 2341 1514 2362 nornen

353 2376 418 2401 nido

187 2412 240 2441 EA
258 2414 335 2450 (pro
354 2421 488 2450 nornen,
507 2410 527 2441 i.
543 2420 568 2441 e.
587 2419 710 2440 nomen
728 2418 806 2440 corr.
829 2408 924 2446 nido)

227 2454 372 2486 CXVIII
398 2453 471 2485 lmb.
496 2453 526 2485 T
651 2463 670 2484 2
694 2453 860 2484 deciliane
876 2452 931 2483 BA
