1648 2729
218 138 273 174 M.
305 137 427 174 VAL.
461 136 776 174 MARTIALIS

715 249 832 285 XXV

218 313 256 352 Si
287 312 494 363 temperari
522 314 709 352 balneum
740 312 850 363 cupis
879 313 1044 359 fervens,

220 378 416 425 Faustine,
449 379 557 428 quod
587 377 650 415 vix
680 377 856 416 Iulianus
891 376 1062 424 intraret,

218 456 311 493 roga
339 444 488 481 lavetur
517 444 713 481 rhetorem
744 442 985 481 Sabineium.

220 507 467 547 Neronianas
498 508 528 546 is
559 507 756 558 refrigerat
785 509 969 545 thermas.

695 595 859 632 XXVII

221 667 452 716 Numquam
483 679 545 704 me
574 679 746 712 revocas,
776 665 910 703 venias
940 678 1030 702 curn
1061 677 1178 714 saepe
1208 671 1393 702 vocatus:

274 731 448 781 ignosco,
479 733 631 769 nullum
661 730 692 769 si
722 732 855 777 modo,
888 731 1012 775 Galle,
1043 742 1172 767 vocas.

221 796 360 835 invitas
389 796 513 835 alios:
551 790 690 834 vitium
720 803 778 834 est
807 795 1022 844 utriusque.
1074 795 1270 842 ‘Quod?⁷
1300 793 1442 844 inquis.

276 864 327 900 Et
357 861 453 899 mihi
482 875 550 900 cor
579 875 659 900 non
689 870 748 899 est
777 869 816 900 et
845 860 927 908 tibi,
960 861 1084 907 Galle,
1115 861 1254 910 pudor.

723 950 865 986 XXIX

225 1017 311 1053 Has
341 1028 432 1053 cum
461 1014 619 1064 gemina
647 1015 842 1064 compede
872 1012 1030 1052 dedicat
1059 1020 1229 1059 catenas,

225 1083 401 1127 Saturne,
435 1079 505 1118 tibi
535 1079 679 1127 Zoilus,
712 1081 851 1117 anulos
882 1078 1041 1129 priores.

726 1169 843 1204 XXX

226 1235 408 1284 Sportula
437 1235 545 1271 nulla
573 1234 688 1272 datur
701 1247 711 1281 3
749 1232 865 1282 gratis
895 1231 1061 1270 conviva
1090 1230 1313 1269 recumbis:

279 1298 343 1337 dic
373 1298 480 1346 mihi,
513 1297 609 1348 quid
640 1299 806 1344 Romae,
838 1296 1073 1346 Gargiliane,
1105 1295 1233 1334 facis?

228 1365 333 1402 unde
363 1363 433 1402 tibi
463 1365 596 1413 togula
625 1371 683 1401 est
713 1371 750 1401 et
780 1364 912 1401 fuscae
942 1361 1082 1412 pensio
1111 1362 1269 1400 cellae?

280 1431 388 1467 unde
417 1430 532 1467 datur
562 1429 788 1478 quadrans?
827 1428 934 1466 unde
962 1427 1020 1464 vir
1048 1440 1089 1464 es
1120 1425 1326 1466 Chiones?

227 1508 318 1533 cum
348 1494 499 1532 ratione
528 1493 619 1532 licet
649 1493 758 1532 dicas
789 1501 826 1531 te
856 1492 985 1530 vivere
1015 1504 1182 1538 summa,
1543 1507 1560 1538 5

282 1560 390 1609 quod
419 1559 526 1606 vivis,
558 1560 666 1597 nulla
695 1572 786 1596 cum
816 1557 966 1596 ratione
994 1556 1100 1595 facis.

712 1647 852 1684 XXXI

230 1716 329 1752 Sunt
359 1712 440 1760 tibi,
473 1713 674 1759 confiteor,
707 1712 839 1751 diffusi
868 1712 1001 1762 iugera
1029 1709 1159 1760 campi

284 1777 503 1827 urbanique
533 1785 669 1816 tenent
698 1776 857 1826 praedia
887 1778 1011 1814 multa
1038 1778 1148 1823 lares,

232 1852 269 1882 et
299 1843 415 1881 servit
445 1842 631 1881 dominae
661 1856 895 1881 numerosus
925 1841 1082 1880 debitor
1110 1854 1222 1880 arcae

286 1915 558 1957 sustentatque
588 1916 674 1946 tuas
704 1921 822 1946 aurea
851 1921 980 1946 massa
1009 1908 1143 1956 dapes.

278 2012 378 2043 XXV
402 2023 421 2051 4
444 2013 472 2043 is
488 2012 543 2042 ΒΑ
560 2016 597 2042 ut
613 2012 675 2043 vid.
697 2012 738 2053 (is
754 2011 818 2050 Lf:
841 2011 870 2042 si
886 2011 935 2042 P:
958 2021 1024 2043 om.
1043 2011 1089 2052 Q>
1105 2022 1113 2042 z
1136 2010 1189 2041 hic
1207 2009 1256 2041 CA
1331 2009 1495 2049 refrigera
1511 2008 1568 2039 BA

235 2058 309 2096 (seq,
330 2057 358 2086 t&

278 2099 413 2130 XXVII
429 2100 504 2130 lzab.
523 2099 555 2129 R
664 2109 677 2128 1
705 2099 824 2129 uenias
849 2109 923 2129 cum
947 2108 1052 2137 saepe
1068 2097 1208 2128 AABA:
1232 2107 1307 2128 cum
1325 2097 1372 2127 sis
1388 2096 1479 2136 prior
1493 2095 1569 2135 ipse

237 2144 284 2174 (A
367 2153 386 2181 3
411 2143 450 2173 al.
471 2141 548 2181 vit.]
566 2142 709 2173 aliosuit
727 2143 804 2173 dum
822 2142 872 2173 CA
953 2143 1104 2181 utrisque
1119 2141 1175 2172 BA
1263 2151 1282 2179 4
1306 2145 1358 2171 est
1375 2144 1397 2170 t.
1418 2141 1498 2180 (om.
1518 2139 1567 2179 et)

236 2191 272 2217 ut
286 2186 349 2217 vid.
371 2186 420 2216 CA
438 2188 504 2226 (est
522 2196 584 2216 nec
601 2191 623 2217 t.
644 2186 755 2224 ΑΒΕ)

278 2230 399 2260 XXIX
427 2240 440 2260 1
467 2230 555 2260 dicat
572 2229 627 2260 ΒΑ
644 2231 765 2270 (praec.
784 2229 856 2268 ΛΕ)
1065 2228 1168 2259 ΧΧΧ
1191 2227 1266 2258 hab.
1290 2226 1336 2265 T;
1360 2236 1392 2257 v.
1411 2236 1424 2257 1
1443 2225 1517 2257 hab.
1537 2225 1571 2255 R

235 2285 254 2305 2
278 2273 349 2314 dic]
367 2274 446 2312 quid
466 2274 514 2303 CA
601 2284 654 2312 qu.
675 2273 773 2303 Rom.
793 2284 859 2303 om.
882 2273 912 2303 T
1018 2283 1038 2311 3
1062 2271 1192 2311 togula]
1212 2269 1326 2310 getula
1349 2269 1378 2300 T

281 2317 402 2347 XXXI
427 2317 501 2347 lzab.
527 2317 560 2348 T.
613 2317 689 2348 Om.
713 2316 760 2347 CA
892 2327 911 2346 2
935 2315 1129 2354 Albanique
1146 2315 1205 2344 ΑΑ
1221 2315 1276 2346 N:
1309 2313 1497 2352 urbanique
1513 2311 1567 2342 BA

236 2371 255 2399 3
281 2361 416 2433 (10τηίἓο
434 2370 615 2392 numerosa
630 2361 709 2392 AA:
743 2361 900 2391 dominae
924 2358 1194 2392 numerosusBA
1315 2368 1334 2396 4
1360 2366 1469 2388 massa
1485 2356 1568 2387 AA:

238 2414 354 2434 mensa
404 2405 426 2425 Α
