1648 2729
742 133 1213 172 EPIGRAMMATON
1246 134 1350 171 LIB.
1385 135 1449 170 III

116 248 226 296 quod
255 253 409 285 constat
439 245 571 285 decies
601 245 672 284 tibi
702 259 783 284 non
813 245 986 295 spatiosa
1015 247 1200 295 supellex,

171 311 269 350 libra
297 312 406 362 quod
435 311 585 361 argenti
616 311 723 349 milia
753 311 930 361 quinque
959 311 1069 361 rapit,

115 391 233 416 aurea
262 378 371 427 quod
400 377 512 415 fundi
542 376 668 426 pretio
697 390 856 415 carruca
884 384 1052 427 paratur,

170 443 279 492 quod
309 441 429 492 pluris
460 443 566 479 mula
594 449 653 480 est
682 454 801 491 quam
831 442 975 480 domus
1005 448 1138 491 empta
1167 441 1264 479 tibi:

116 509 214 545 haec
243 506 378 545 animo
408 506 535 545 credis
566 520 710 557 magno
741 514 790 553 te,
824 506 984 555 Quinte,
1018 508 1182 556 parare?

170 572 336 610 falleris:
377 573 475 611 haec
504 571 671 619 animus,
705 572 866 621 Quinte,
899 572 1063 622 pusillus
1094 572 1200 610 emit.

603 673 746 710 LXIII

116 742 257 789 Cotile,
289 743 415 781 bellus
445 743 568 781 homo
598 756 662 781 es:
702 742 841 781 dicunt
869 743 957 789 hoc,
990 742 1130 789 Cotile,
1165 741 1287 780 multi.

169 807 312 846 audio:
353 809 423 846 sed
453 807 549 858 quid
581 807 640 855 sit,
672 807 737 846 dic
768 807 876 855 mihi,
908 808 1035 846 bellus
1065 809 1218 845 homo?

121 875 277 912 ‘Bellus
307 875 430 912 homo
460 881 529 920 est,
562 875 683 912 flexos
714 873 781 923 qui
812 873 951 923 digerit
981 873 1119 911 ordine
1149 872 1286 917 crinea

171 940 346 977 balsama
375 939 443 989 qui
473 952 638 989 semper,
671 938 856 977 cinnama
885 952 1040 988 semper
1069 940 1148 976 olet
1165 953 1173 985 ς

117 1004 270 1043 cantica
300 1004 368 1055 qui
399 1004 491 1052 Nili,
524 1004 591 1054 qui
623 1004 822 1043 Gaditana
851 1012 1037 1051 susurrat.
1435 1019 1451 1048 5

170 1070 238 1120 qui
267 1077 399 1109 movet
429 1069 468 1108 in
498 1070 624 1108 varios
654 1069 837 1108 bracchia
866 1071 975 1108 volsa
1005 1070 1172 1115 modos:

117 1136 216 1174 inter
246 1135 436 1175 femineas
467 1143 549 1174 tota
579 1135 646 1186 qui
676 1137 764 1174 luce
795 1137 1001 1174 cathedras

170 1201 325 1240 desidet
352 1209 472 1251 atque
501 1201 633 1251 aliqua
662 1215 817 1251 semper
846 1201 885 1239 in
915 1215 1007 1239 aure
1037 1208 1162 1247 sonat,

117 1266 184 1317 qui
213 1267 305 1317 legit
335 1267 428 1305 hinc
458 1267 565 1305 illinc
595 1266 732 1305 missas
764 1266 978 1316 scribitque
1008 1266 1200 1312 tabellas3

170 1333 288 1383 pallia
317 1332 434 1370 vicini
465 1332 533 1382 qui
562 1332 702 1382 refugit
732 1332 883 1379 cubiti3
1416 1347 1453 1367 10

117 1398 184 1448 qui
215 1398 287 1437 scit
316 1411 436 1448 quam
467 1397 554 1448 quis
583 1405 700 1444 amet,
732 1398 800 1447 qui
829 1411 898 1448 per
927 1396 1107 1435 convivia
1137 1396 1264 1441 currit,

173 1463 333 1514 Hirpini
363 1470 512 1502 veteres
542 1463 610 1513 qui
640 1463 742 1501 bene
772 1462 882 1501 novit
911 1464 1030 1501 avos.'

119 1529 228 1578 Quid
258 1531 419 1567 narras?
457 1530 534 1567 hoc
564 1535 634 1573 est,
666 1530 743 1567 hoc
773 1535 831 1567 est
861 1529 995 1575 homo,
1029 1527 1169 1574 Cotile‚
1203 1527 1359 1565 bellus?

172 1608 230 1634 res
261 1594 474 1645 pertricosa
508 1601 576 1641 est,
610 1593 751 1641 Cotile,
783 1594 909 1632 bellus
940 1595 1073 1632 homo.

605 1695 741 1732 LXIV

118 1766 273 1806 Sirenas
303 1765 465 1804 hilarem
496 1764 766 1816 navigantium
796 1777 967 1814 poenam

118 1832 364 1881 blandasque
394 1838 539 1885 mortes
568 1829 839 1881 gaudiumque
867 1830 1038 1875 crudele,

118 1910 215 1947 quas
245 1910 365 1935 nemo
394 1897 598 1946 quondam
629 1895 836 1934 deserebat
864 1894 1029 1940 auditas,

118 1964 233 2001 fallax
261 1962 396 2001 Vlixes
426 1961 568 2001 dicitur
597 1960 811 2011 reliquisse.

120 2029 212 2066 Non
244 2027 385 2066 miror:
424 2027 533 2074 illud,
566 2026 767 2073 Cassiam,
799 2025 971 2072 mirarer,
1441 2041 1457 2071 5

118 2093 150 2131 si
179 2093 424 2131 fabulantem
455 2092 626 2132 Canium
655 2091 886 2141 reliquisset.

165 2197 262 2228 LXII
288 2207 307 2235 3
332 2198 407 2228 deci
441 2197 512 2238 (sid)
547 2197 602 2227 BA
825 2206 842 2235 7
869 2206 992 2235 magno
1027 2196 1138 2226 credis
1172 2194 1306 2224 AACA:
1345 2195 1456 2224 credis

119 2252 241 2281 magno
257 2241 312 2271 ΒΑ

165 2285 278 2315 LXIII
303 2296 353 2316 vv.
380 2295 440 2324 1-4
456 2284 531 2316 lmb.
549 2283 583 2314 R
694 2294 713 2314 2
739 2283 793 2314 dic
811 2294 852 2315 m.
873 2282 974 2314 cotile
992 2283 1023 2314 b.
1044 2283 1076 2313 h.
1095 2282 1150 2312 BA
1255 2291 1274 2320 5
1297 2281 1356 2321 qui
1374 2285 1406 2311 et
1424 2292 1455 2320 g.

119 2328 174 2359 BA
288 2329 441 2368 gaditani
463 2329 511 2359 CA
643 2329 664 2358 6
688 2328 810 2358 choros
828 2327 900 2357 BA:
925 2327 1042 2357 modos
1061 2326 1108 2358 CA
1241 2336 1262 2365 9
1287 2326 1391 2356 missa
1409 2325 1456 2355 CA

123 2382 161 2411 13
185 2372 250 2403 hoc
267 2377 318 2403 est
334 2373 434 2403 semel
445 2372 492 2403 CA
581 2377 645 2403 cot.
667 2372 699 2402 h.
721 2372 752 2402 b.
775 2371 823 2402 CA

167 2416 279 2446 LXIV
302 2416 378 2447 hab.
404 2416 434 2446 T
519 2425 533 2446 1
560 2426 684 2455 ponam
702 2416 751 2446 CA
765 2415 841 2456 (pro
856 2415 1018 2454 poenam)
1152 2423 1172 2443 2
1196 2412 1369 2444 crudelem
1388 2411 1435 2442 CA
