<?xml version="1.0" encoding="UTF-8"?>
<!DOCTYPE html PUBLIC "-//W3C//DTD XHTML 1.0 Transitional//EN"
    "http://www.w3.org/TR/xhtml1/DTD/xhtml1-transitional.dtd">
<html xmlns="http://www.w3.org/1999/xhtml" xml:lang="en" lang="en">
 <head>
  <title>
</title>
<meta http-equiv="Content-Type" content="text/html;charset=utf-8" />
  <meta name='ocr-system' content='tesseract 3.04.00' />
  <meta name='ocr-capabilities' content='ocr_page ocr_carea ocr_par ocr_line ocrx_word'/>
</head>
<body>
  <div class='ocr_page' id='page_1' title='image "./epigrammatasele00martuoft_0023.png"; bbox 0 0 1648 2729; ppageno 0'>
   <div class='ocr_carea' id='block_1_1' title="bbox 404 495 1151 661">
    <p class='ocr_par' dir='ltr' id='par_1_1' title="bbox 404 495 1151 661">
     <span class='ocr_line' id='line_1_1' title="bbox 404 495 1151 545; baseline -0.003 -1"><span class='ocrx_word' id='word_1_1' title='bbox 404 497 473 545; x_wconf 88' lang='lat' dir='ltr'>M.</span> <span class='ocrx_word' id='word_1_2' title='bbox 524 496 683 544; x_wconf 86' lang='lat' dir='ltr'><strong>VAL.</strong></span> <span class='ocrx_word' id='word_1_3' title='bbox 736 495 1151 543; x_wconf 83' lang='lat' dir='ltr'><strong>MARTIALIS</strong></span> 
     </span>
     <span class='ocr_line' id='line_1_2' title="bbox 473 613 1084 661; baseline 0 -1"><span class='ocrx_word' id='word_1_4' title='bbox 473 613 1084 661; x_wconf 81' lang='lat' dir='ltr'>EPIGRAMMATON</span> 
     </span>
    </p>
   </div>
   <div class='ocr_carea' id='block_1_2' title="bbox 669 748 890 785">
    <p class='ocr_par' dir='ltr' id='par_1_2' title="bbox 669 748 890 785">
     <span class='ocr_line' id='line_1_3' title="bbox 669 748 890 785; baseline 0 0"><span class='ocrx_word' id='word_1_5' title='bbox 669 748 842 785; x_wconf 90' lang='lat' dir='ltr'><strong>LIBER</strong></span> <span class='ocrx_word' id='word_1_6' title='bbox 872 749 890 785; x_wconf 96' lang='lat' dir='ltr'>I</span> 
     </span>
    </p>
   </div>
   <div class='ocr_carea' id='block_1_3' title="bbox 113 868 1449 1115">
    <p class='ocr_par' dir='ltr' id='par_1_3' title="bbox 113 868 1449 1115">
     <span class='ocr_line' id='line_1_4' title="bbox 167 868 1449 919; baseline -0.001 -12"><span class='ocrx_word' id='word_1_7' title='bbox 167 870 305 907; x_wconf 80' lang='lat' dir='ltr'>SPERO</span> <span class='ocrx_word' id='word_1_8' title='bbox 327 882 389 907; x_wconf 93' lang='lat' dir='ltr'>me</span> <span class='ocrx_word' id='word_1_9' title='bbox 411 876 591 907; x_wconf 88' lang='lat' dir='ltr'>secutum</span> <span class='ocrx_word' id='word_1_10' title='bbox 608 869 648 906; x_wconf 90' lang='lat' dir='ltr'>in</span> <span class='ocrx_word' id='word_1_11' title='bbox 665 868 805 907; x_wconf 83' lang='lat' dir='ltr'>libellis</span> <span class='ocrx_word' id='word_1_12' title='bbox 828 869 924 907; x_wconf 89' lang='lat' dir='ltr'>meis</span> <span class='ocrx_word' id='word_1_13' title='bbox 946 869 1022 907; x_wconf 86' lang='lat' dir='ltr'>tale</span> <span class='ocrx_word' id='word_1_14' title='bbox 1036 876 1393 919; x_wconf 80' lang='lat' dir='ltr'><strong>temperamentum</strong></span> <span class='ocrx_word' id='word_1_15' title='bbox 1408 875 1449 906; x_wconf 88' lang='lat' dir='ltr'>ut</span> 
     </span>
     <span class='ocr_line' id='line_1_5' title="bbox 115 933 1447 984; baseline -0.002 -12"><span class='ocrx_word' id='word_1_16' title='bbox 115 934 165 972; x_wconf 91' lang='lat' dir='ltr'>de</span> <span class='ocrx_word' id='word_1_17' title='bbox 192 933 266 972; x_wconf 87' lang='lat' dir='ltr'>illis</span> <span class='ocrx_word' id='word_1_18' title='bbox 295 934 405 984; x_wconf 91' lang='lat' dir='ltr'>queri</span> <span class='ocrx_word' id='word_1_19' title='bbox 432 947 513 972; x_wconf 91' lang='lat' dir='ltr'>non</span> <span class='ocrx_word' id='word_1_20' title='bbox 540 933 665 984; x_wconf 82' lang='lat' dir='ltr'>possit</span> <span class='ocrx_word' id='word_1_21' title='bbox 690 933 868 984; x_wconf 90' lang='lat' dir='ltr'>quisquis</span> <span class='ocrx_word' id='word_1_22' title='bbox 897 935 948 972; x_wconf 88' lang='lat' dir='ltr'>de</span> <span class='ocrx_word' id='word_1_23' title='bbox 975 947 1016 972; x_wconf 89' lang='lat' dir='ltr'>se</span> <span class='ocrx_word' id='word_1_24' title='bbox 1037 934 1139 972; x_wconf 92' lang='lat' dir='ltr'>bene</span> <span class='ocrx_word' id='word_1_25' title='bbox 1160 933 1333 980; x_wconf 87' lang='lat' dir='ltr'>senserit,</span> <span class='ocrx_word' id='word_1_26' title='bbox 1357 947 1447 972; x_wconf 89' lang='lat' dir='ltr'>cum</span> 
     </span>
     <span class='ocr_line' id='line_1_6' title="bbox 113 998 1448 1049; baseline 0 -12"><span class='ocrx_word' id='word_1_27' title='bbox 113 1001 218 1037; x_wconf 84' lang='lat' dir='ltr'>salva</span> <span class='ocrx_word' id='word_1_28' title='bbox 234 999 456 1037; x_wconf 89' lang='lat' dir='ltr'>infimarum</span> <span class='ocrx_word' id='word_1_29' title='bbox 475 1012 635 1049; x_wconf 85' lang='lat' dir='ltr'>quoque</span> <span class='ocrx_word' id='word_1_30' title='bbox 652 1012 908 1049; x_wconf 85' lang='lat' dir='ltr'>personarum</span> <span class='ocrx_word' id='word_1_31' title='bbox 924 998 1141 1038; x_wconf 87' lang='lat' dir='ltr'>reverentia</span> <span class='ocrx_word' id='word_1_32' title='bbox 1156 1001 1294 1038; x_wconf 89' lang='lat' dir='ltr'>ludant</span> <span class='ocrx_word' id='word_1_33' title='bbox 1308 1013 1318 1047; x_wconf 74' lang='lat'><em>3</em></span> <span class='ocrx_word' id='word_1_34' title='bbox 1348 1012 1448 1049; x_wconf 85' lang='lat' dir='ltr'>quae</span> 
     </span>
     <span class='ocr_line' id='line_1_7' title="bbox 114 1053 1447 1115; baseline 0 -13"><span class='ocrx_word' id='word_1_35' title='bbox 114 1065 216 1104; x_wconf 91' lang='lat' dir='ltr'>adeo</span> <span class='ocrx_word' id='word_1_36' title='bbox 242 1064 415 1115; x_wconf 86' lang='lat' dir='ltr'>antiquis</span> <span class='ocrx_word' id='word_1_37' title='bbox 437 1053 672 1103; x_wconf 74' lang='lat' dir='ltr'>&#39;auctoribus</span> <span class='ocrx_word' id='word_1_38' title='bbox 700 1064 825 1103; x_wconf 90' lang='lat' dir='ltr'>defuit</span> <span class='ocrx_word' id='word_1_39' title='bbox 854 1072 896 1103; x_wconf 90' lang='lat' dir='ltr'>ut</span> <span class='ocrx_word' id='word_1_40' title='bbox 923 1064 1153 1103; x_wconf 87' lang='lat' dir='ltr'>nominibus</span> <span class='ocrx_word' id='word_1_41' title='bbox 1183 1078 1264 1103; x_wconf 92' lang='lat' dir='ltr'>non</span> <span class='ocrx_word' id='word_1_42' title='bbox 1294 1072 1447 1102; x_wconf 91' lang='lat' dir='ltr'>tantum</span> 
     </span>
    </p>
   </div>
   <div class='ocr_carea' id='block_1_4' title="bbox 112 1130 1485 1180">
    <p class='ocr_par' dir='ltr' id='par_1_4' title="bbox 112 1130 1485 1180">
     <span class='ocr_line' id='line_1_8' title="bbox 112 1130 1485 1180; baseline 0 -12"><span class='ocrx_word' id='word_1_43' title='bbox 112 1130 210 1169; x_wconf 89' lang='lat' dir='ltr'>veris</span> <span class='ocrx_word' id='word_1_44' title='bbox 237 1130 350 1169; x_wconf 91' lang='lat' dir='ltr'>abusi</span> <span class='ocrx_word' id='word_1_45' title='bbox 378 1130 455 1168; x_wconf 88' lang='lat' dir='ltr'>sint</span> <span class='ocrx_word' id='word_1_46' title='bbox 475 1131 545 1168; x_wconf 88' lang='lat' dir='ltr'>sed</span> <span class='ocrx_word' id='word_1_47' title='bbox 566 1137 604 1168; x_wconf 90' lang='lat' dir='ltr'>et</span> <span class='ocrx_word' id='word_1_48' title='bbox 625 1130 787 1180; x_wconf 87' lang='lat' dir='ltr'>magnis.</span> <span class='ocrx_word' id='word_1_49' title='bbox 849 1130 951 1168; x_wconf 88' lang='lat' dir='ltr'>Mihi</span> <span class='ocrx_word' id='word_1_50' title='bbox 971 1132 1076 1168; x_wconf 89' lang='lat' dir='ltr'>fama</span> <span class='ocrx_word' id='word_1_51' title='bbox 1095 1130 1208 1168; x_wconf 89' lang='lat' dir='ltr'>vilius</span> <span class='ocrx_word' id='word_1_52' title='bbox 1229 1137 1384 1168; x_wconf 90' lang='lat' dir='ltr'>constet</span> <span class='ocrx_word' id='word_1_53' title='bbox 1411 1138 1448 1168; x_wconf 89' lang='lat' dir='ltr'>et</span> <span class='ocrx_word' id='word_1_54' title='bbox 1470 1136 1485 1167; x_wconf 79' lang='lat'>5</span> 
     </span>
    </p>
   </div>
   <div class='ocr_carea' id='block_1_5' title="bbox 111 1195 1449 1967">
    <p class='ocr_par' dir='ltr' id='par_1_5' title="bbox 111 1195 1449 1967">
     <span class='ocr_line' id='line_1_9' title="bbox 113 1195 1446 1246; baseline -0.001 -12"><span class='ocrx_word' id='word_1_55' title='bbox 113 1196 299 1246; x_wconf 90' lang='lat' dir='ltr'><strong>probetur</strong></span> <span class='ocrx_word' id='word_1_56' title='bbox 329 1195 368 1233; x_wconf 90' lang='lat' dir='ltr'>in</span> <span class='ocrx_word' id='word_1_57' title='bbox 400 1209 463 1234; x_wconf 90' lang='lat' dir='ltr'>me</span> <span class='ocrx_word' id='word_1_58' title='bbox 497 1195 755 1234; x_wconf 87' lang='lat' dir='ltr'>novissimum</span> <span class='ocrx_word' id='word_1_59' title='bbox 791 1195 1004 1245; x_wconf 83' lang='lat' dir='ltr'>ingenium.</span> <span class='ocrx_word' id='word_1_60' title='bbox 1064 1195 1181 1234; x_wconf 86' lang='lat' dir='ltr'>Absit</span> <span class='ocrx_word' id='word_1_61' title='bbox 1212 1209 1235 1234; x_wconf 88' lang='lat' dir='ltr'>a</span> <span class='ocrx_word' id='word_1_62' title='bbox 1269 1195 1446 1234; x_wconf 89' lang='lat' dir='ltr'>iocorum</span> 
     </span>
     <span class='ocr_line' id='line_1_10' title="bbox 112 1260 1447 1312; baseline 0 -14"><span class='ocrx_word' id='word_1_63' title='bbox 112 1268 334 1300; x_wconf 88' lang='lat' dir='ltr'>nostrorum</span> <span class='ocrx_word' id='word_1_64' title='bbox 356 1260 606 1310; x_wconf 83' lang='lat' dir='ltr'>simplicitate</span> <span class='ocrx_word' id='word_1_65' title='bbox 634 1261 827 1312; x_wconf 86' lang='lat' dir='ltr'>malignus</span> <span class='ocrx_word' id='word_1_66' title='bbox 854 1261 1044 1312; x_wconf 88' lang='lat' dir='ltr'>interpres</span> <span class='ocrx_word' id='word_1_67' title='bbox 1071 1275 1145 1300; x_wconf 91' lang='lat' dir='ltr'>nec</span> <span class='ocrx_word' id='word_1_68' title='bbox 1166 1260 1447 1311; x_wconf 84' lang='lat' dir='ltr'>epigrammata</span> 
     </span>
     <span class='ocr_line' id='line_1_11' title="bbox 114 1325 1446 1376; baseline -0.001 -12"><span class='ocrx_word' id='word_1_69' title='bbox 114 1339 201 1365; x_wconf 85' lang='lat' dir='ltr'>mea</span> <span class='ocrx_word' id='word_1_70' title='bbox 229 1326 397 1365; x_wconf 87' lang='lat' dir='ltr'>scribat:</span> <span class='ocrx_word' id='word_1_71' title='bbox 437 1326 603 1376; x_wconf 88' lang='lat' dir='ltr'>inprobe</span> <span class='ocrx_word' id='word_1_72' title='bbox 637 1326 729 1364; x_wconf 82' lang='lat' dir='ltr'>facit</span> <span class='ocrx_word' id='word_1_73' title='bbox 759 1325 827 1376; x_wconf 87' lang='lat' dir='ltr'>qui</span> <span class='ocrx_word' id='word_1_74' title='bbox 855 1326 896 1364; x_wconf 87' lang='lat' dir='ltr'>in</span> <span class='ocrx_word' id='word_1_75' title='bbox 925 1326 1056 1365; x_wconf 90' lang='lat' dir='ltr'>alieno</span> <span class='ocrx_word' id='word_1_76' title='bbox 1085 1326 1184 1365; x_wconf 88' lang='lat' dir='ltr'>libro</span> <span class='ocrx_word' id='word_1_77' title='bbox 1218 1326 1446 1376; x_wconf 85' lang='lat' dir='ltr'>ingeniosus</span> 
     </span>
     <span class='ocr_line' id='line_1_12' title="bbox 113 1390 1445 1441; baseline 0 -12"><span class='ocrx_word' id='word_1_78' title='bbox 113 1398 181 1430; x_wconf 90' lang='lat' dir='ltr'>est.</span> <span class='ocrx_word' id='word_1_79' title='bbox 242 1391 448 1430; x_wconf 85' lang='lat' dir='ltr'>Lascivam</span> <span class='ocrx_word' id='word_1_80' title='bbox 480 1392 689 1429; x_wconf 88' lang='lat' dir='ltr'>verborum</span> <span class='ocrx_word' id='word_1_81' title='bbox 724 1390 939 1438; x_wconf 86' lang='lat' dir='ltr'>veritatem,</span> <span class='ocrx_word' id='word_1_82' title='bbox 975 1391 1016 1430; x_wconf 91' lang='lat' dir='ltr'>id</span> <span class='ocrx_word' id='word_1_83' title='bbox 1045 1400 1103 1430; x_wconf 90' lang='lat' dir='ltr'>est</span> <span class='ocrx_word' id='word_1_84' title='bbox 1133 1390 1445 1441; x_wconf 81' lang='lat' dir='ltr'>epigrammaton</span> 
     </span>
     <span class='ocr_line' id='line_1_13' title="bbox 111 1456 1447 1507; baseline -0.001 -12"><span class='ocrx_word' id='word_1_85' title='bbox 111 1456 296 1507; x_wconf 87' lang='lat' dir='ltr'>linguam,</span> <span class='ocrx_word' id='word_1_86' title='bbox 320 1470 579 1503; x_wconf 85' lang='lat' dir='ltr'>excussarem,</span> <span class='ocrx_word' id='word_1_87' title='bbox 602 1456 634 1494; x_wconf 90' lang='lat' dir='ltr'>si</span> <span class='ocrx_word' id='word_1_88' title='bbox 661 1469 795 1495; x_wconf 91' lang='lat' dir='ltr'>meum</span> <span class='ocrx_word' id='word_1_89' title='bbox 823 1465 925 1495; x_wconf 89' lang='lat' dir='ltr'>esset</span> <span class='ocrx_word' id='word_1_90' title='bbox 952 1458 1200 1506; x_wconf 86' lang='lat' dir='ltr'>exemplum:</span> <span class='ocrx_word' id='word_1_91' title='bbox 1233 1456 1288 1495; x_wconf 91' lang='lat' dir='ltr'>sie</span> <span class='ocrx_word' id='word_1_92' title='bbox 1313 1456 1447 1494; x_wconf 88' lang='lat' dir='ltr'>scribit</span> 
     </span>
     <span class='ocr_line' id='line_1_14' title="bbox 113 1521 1447 1572; baseline -0.001 -11"><span class='ocrx_word' id='word_1_93' title='bbox 113 1523 302 1569; x_wconf 87' lang='lat' dir='ltr'>Catullus,</span> <span class='ocrx_word' id='word_1_94' title='bbox 320 1522 375 1561; x_wconf 90' lang='lat' dir='ltr'>sic</span> <span class='ocrx_word' id='word_1_95' title='bbox 397 1524 565 1569; x_wconf 87' lang='lat' dir='ltr'>Marsus,</span> <span class='ocrx_word' id='word_1_96' title='bbox 584 1521 640 1560; x_wconf 90' lang='lat' dir='ltr'>sic</span> <span class='ocrx_word' id='word_1_97' title='bbox 660 1523 782 1569; x_wconf 92' lang='lat' dir='ltr'>Pedo,</span> <span class='ocrx_word' id='word_1_98' title='bbox 803 1521 858 1560; x_wconf 87' lang='lat' dir='ltr'>sic</span> <span class='ocrx_word' id='word_1_99' title='bbox 875 1522 1116 1568; x_wconf 87' lang='lat' dir='ltr'>Gaetulicus,</span> <span class='ocrx_word' id='word_1_100' title='bbox 1134 1522 1188 1560; x_wconf 87' lang='lat' dir='ltr'>sic</span> <span class='ocrx_word' id='word_1_101' title='bbox 1205 1522 1447 1572; x_wconf 87' lang='lat' dir='ltr'>quicumque</span> 
     </span>
     <span class='ocr_line' id='line_1_15' title="bbox 114 1586 1448 1638; baseline 0.001 -13"><span class='ocrx_word' id='word_1_102' title='bbox 114 1587 332 1638; x_wconf 85' lang='lat' dir='ltr'>perlegitur.</span> <span class='ocrx_word' id='word_1_103' title='bbox 406 1587 445 1626; x_wconf 88' lang='lat' dir='ltr'>Si</span> <span class='ocrx_word' id='word_1_104' title='bbox 466 1586 554 1637; x_wconf 92' lang='lat' dir='ltr'>quis</span> <span class='ocrx_word' id='word_1_105' title='bbox 575 1594 709 1625; x_wconf 85' lang='lat' dir='ltr'>tamen</span> <span class='ocrx_word' id='word_1_106' title='bbox 730 1594 810 1625; x_wconf 91' lang='lat' dir='ltr'>tam</span> <span class='ocrx_word' id='word_1_107' title='bbox 830 1586 1040 1625; x_wconf 87' lang='lat' dir='ltr'>ambitiose</span> <span class='ocrx_word' id='word_1_108' title='bbox 1061 1586 1179 1625; x_wconf 89' lang='lat' dir='ltr'>tristis</span> <span class='ocrx_word' id='word_1_109' title='bbox 1200 1595 1258 1625; x_wconf 89' lang='lat' dir='ltr'>est</span> <span class='ocrx_word' id='word_1_110' title='bbox 1278 1595 1320 1625; x_wconf 91' lang='lat' dir='ltr'>ut</span> <span class='ocrx_word' id='word_1_111' title='bbox 1341 1590 1448 1637; x_wconf 89' lang='lat' dir='ltr'>apud</span> 
     </span>
     <span class='ocr_line' id='line_1_16' title="bbox 111 1651 1447 1703; baseline 0.001 -13"><span class='ocrx_word' id='word_1_112' title='bbox 111 1653 221 1691; x_wconf 92' lang='lat' dir='ltr'>illum</span> <span class='ocrx_word' id='word_1_113' title='bbox 243 1652 283 1690; x_wconf 90' lang='lat' dir='ltr'>in</span> <span class='ocrx_word' id='word_1_114' title='bbox 303 1654 411 1691; x_wconf 83' lang='lat' dir='ltr'>nulla</span> <span class='ocrx_word' id='word_1_115' title='bbox 437 1652 580 1703; x_wconf 84' lang='lat' dir='ltr'>pagina</span> <span class='ocrx_word' id='word_1_116' title='bbox 606 1651 725 1691; x_wconf 89' lang='lat' dir='ltr'>latine</span> <span class='ocrx_word' id='word_1_117' title='bbox 745 1652 854 1703; x_wconf 87' lang='lat' dir='ltr'>loqui</span> <span class='ocrx_word' id='word_1_118' title='bbox 881 1654 940 1690; x_wconf 90' lang='lat' dir='ltr'>fas</span> <span class='ocrx_word' id='word_1_119' title='bbox 967 1652 1026 1700; x_wconf 91' lang='lat' dir='ltr'>sit,</span> <span class='ocrx_word' id='word_1_120' title='bbox 1049 1660 1180 1702; x_wconf 87' lang='lat' dir='ltr'>potest</span> <span class='ocrx_word' id='word_1_121' title='bbox 1200 1652 1367 1703; x_wconf 82' lang='lat' dir='ltr'>epistola</span> <span class='ocrx_word' id='word_1_122' title='bbox 1386 1655 1447 1691; x_wconf 92' lang='lat' dir='ltr'>vel</span> 
     </span>
     <span class='ocr_line' id='line_1_17' title="bbox 112 1718 1449 1769; baseline 0 -12"><span class='ocrx_word' id='word_1_123' title='bbox 112 1718 243 1769; x_wconf 91' lang='lat' dir='ltr'>potius</span> <span class='ocrx_word' id='word_1_124' title='bbox 264 1719 377 1757; x_wconf 91' lang='lat' dir='ltr'>titulo</span> <span class='ocrx_word' id='word_1_125' title='bbox 398 1726 609 1757; x_wconf 89' lang='lat' dir='ltr'>contentus</span> <span class='ocrx_word' id='word_1_126' title='bbox 637 1732 733 1757; x_wconf 91' lang='lat' dir='ltr'>esse.</span> <span class='ocrx_word' id='word_1_127' title='bbox 808 1718 1103 1769; x_wconf 83' lang='lat' dir='ltr'>Epigrammata</span> <span class='ocrx_word' id='word_1_128' title='bbox 1129 1718 1203 1757; x_wconf 91' lang='lat' dir='ltr'>illis</span> <span class='ocrx_word' id='word_1_129' title='bbox 1224 1719 1449 1757; x_wconf 87' lang='lat' dir='ltr'>scribuntur</span> 
     </span>
     <span class='ocr_line' id='line_1_18' title="bbox 111 1783 1445 1835; baseline -0.001 -12"><span class='ocrx_word' id='word_1_130' title='bbox 111 1783 179 1835; x_wconf 90' lang='lat' dir='ltr'>qui</span> <span class='ocrx_word' id='word_1_131' title='bbox 217 1786 345 1823; x_wconf 89' lang='lat' dir='ltr'>solent</span> <span class='ocrx_word' id='word_1_132' title='bbox 379 1792 556 1835; x_wconf 86' lang='lat' dir='ltr'>spectare</span> <span class='ocrx_word' id='word_1_133' title='bbox 590 1786 774 1824; x_wconf 89' lang='lat' dir='ltr'>Florales.</span> <span class='ocrx_word' id='word_1_134' title='bbox 834 1786 929 1823; x_wconf 91' lang='lat' dir='ltr'>Non</span> <span class='ocrx_word' id='word_1_135' title='bbox 963 1785 1080 1823; x_wconf 88' lang='lat' dir='ltr'>intret</span> <span class='ocrx_word' id='word_1_136' title='bbox 1115 1786 1217 1825; x_wconf 90' lang='lat' dir='ltr'>Cato</span> <span class='ocrx_word' id='word_1_137' title='bbox 1250 1786 1445 1823; x_wconf 85' lang='lat' dir='ltr'>theatrum</span> 
     </span>
     <span class='ocr_line' id='line_1_19' title="bbox 112 1849 1448 1900; baseline 0 -11"><span class='ocrx_word' id='word_1_138' title='bbox 112 1864 257 1897; x_wconf 87' lang='lat' dir='ltr'>meum,</span> <span class='ocrx_word' id='word_1_139' title='bbox 290 1858 358 1889; x_wconf 86' lang='lat' dir='ltr'>aut</span> <span class='ocrx_word' id='word_1_140' title='bbox 396 1850 428 1888; x_wconf 91' lang='lat' dir='ltr'>si</span> <span class='ocrx_word' id='word_1_141' title='bbox 462 1849 672 1897; x_wconf 85' lang='lat' dir='ltr'>intraverit,</span> <span class='ocrx_word' id='word_1_142' title='bbox 708 1858 870 1900; x_wconf 84' lang='lat' dir='ltr'>spectet.</span> <span class='ocrx_word' id='word_1_143' title='bbox 929 1849 1080 1889; x_wconf 87' lang='lat' dir='ltr'>Videor</span> <span class='ocrx_word' id='word_1_144' title='bbox 1113 1850 1210 1888; x_wconf 90' lang='lat' dir='ltr'>mihi</span> <span class='ocrx_word' id='word_1_145' title='bbox 1244 1863 1334 1889; x_wconf 91' lang='lat' dir='ltr'>meo</span> <span class='ocrx_word' id='word_1_146' title='bbox 1365 1850 1448 1889; x_wconf 85' lang='lat' dir='ltr'>iure</span> 
     </span>
     <span class='ocr_line' id='line_1_20' title="bbox 111 1915 962 1967; baseline 0 -13"><span class='ocrx_word' id='word_1_147' title='bbox 111 1918 284 1956; x_wconf 86' lang='lat' dir='ltr'>facturus</span> <span class='ocrx_word' id='word_1_148' title='bbox 305 1916 336 1955; x_wconf 89' lang='lat' dir='ltr'>si</span> <span class='ocrx_word' id='word_1_149' title='bbox 357 1916 566 1967; x_wconf 87' lang='lat' dir='ltr'>epistolam</span> <span class='ocrx_word' id='word_1_150' title='bbox 587 1915 764 1955; x_wconf 87' lang='lat' dir='ltr'>versibus</span> <span class='ocrx_word' id='word_1_151' title='bbox 785 1917 938 1955; x_wconf 91' lang='lat' dir='ltr'>clusero</span> <span class='ocrx_word' id='word_1_152' title='bbox 955 1931 962 1954; x_wconf 90' lang='lat'><strong>:</strong></span> 
     </span>
    </p>
   </div>
   <div class='ocr_carea' id='block_1_6' title="bbox 111 2016 1447 2392">
    <p class='ocr_par' dir='ltr' id='par_1_6' title="bbox 166 2016 1124 2055">
     <span class='ocr_line' id='line_1_21' title="bbox 166 2016 1124 2055; baseline -0.001 0"><span class='ocrx_word' id='word_1_153' title='bbox 166 2018 315 2055; x_wconf 88' lang='lat' dir='ltr'>Nosses</span> <span class='ocrx_word' id='word_1_154' title='bbox 346 2016 504 2054; x_wconf 88' lang='lat' dir='ltr'>iocosae</span> <span class='ocrx_word' id='word_1_155' title='bbox 533 2016 650 2054; x_wconf 91' lang='lat' dir='ltr'>dulce</span> <span class='ocrx_word' id='word_1_156' title='bbox 678 2028 769 2053; x_wconf 88' lang='lat' dir='ltr'>cum</span> <span class='ocrx_word' id='word_1_157' title='bbox 800 2028 954 2053; x_wconf 89' lang='lat' dir='ltr'>sacrum</span> <span class='ocrx_word' id='word_1_158' title='bbox 985 2016 1124 2054; x_wconf 86' lang='lat' dir='ltr'>Florae</span> 
     </span>
    </p>

    <p class='ocr_par' dir='ltr' id='par_1_7' title="bbox 164 2079 943 2132">
     <span class='ocr_line' id='line_1_22' title="bbox 164 2079 943 2132; baseline -0.004 -12"><span class='ocrx_word' id='word_1_159' title='bbox 164 2083 365 2132; x_wconf 90' lang='lat' dir='ltr'>festosque</span> <span class='ocrx_word' id='word_1_160' title='bbox 394 2082 502 2119; x_wconf 87' lang='lat' dir='ltr'>lusus</span> <span class='ocrx_word' id='word_1_161' title='bbox 531 2088 570 2119; x_wconf 90' lang='lat' dir='ltr'>et</span> <span class='ocrx_word' id='word_1_162' title='bbox 599 2079 798 2119; x_wconf 89' lang='lat' dir='ltr'>licentiam</span> <span class='ocrx_word' id='word_1_163' title='bbox 828 2079 943 2130; x_wconf 88' lang='lat' dir='ltr'>volgi,</span> 
     </span>
    </p>

    <p class='ocr_par' dir='ltr' id='par_1_8' title="bbox 165 2145 1051 2193">
     <span class='ocr_line' id='line_1_23' title="bbox 165 2145 1051 2193; baseline -0.002 -8"><span class='ocrx_word' id='word_1_164' title='bbox 165 2160 233 2185; x_wconf 90' lang='lat' dir='ltr'>cur</span> <span class='ocrx_word' id='word_1_165' title='bbox 261 2146 302 2184; x_wconf 92' lang='lat' dir='ltr'>in</span> <span class='ocrx_word' id='word_1_166' title='bbox 331 2147 538 2193; x_wconf 89' lang='lat' dir='ltr'>theatrum,</span> <span class='ocrx_word' id='word_1_167' title='bbox 573 2147 674 2185; x_wconf 86' lang='lat' dir='ltr'>Cato</span> <span class='ocrx_word' id='word_1_168' title='bbox 704 2159 848 2192; x_wconf 87' lang='lat' dir='ltr'>severe,</span> <span class='ocrx_word' id='word_1_169' title='bbox 880 2145 1051 2184; x_wconf 89' lang='lat' dir='ltr'>venisti?</span> 
     </span>
    </p>

    <p class='ocr_par' dir='ltr' id='par_1_9' title="bbox 164 2210 979 2258">
     <span class='ocr_line' id='line_1_24' title="bbox 164 2210 979 2258; baseline -0.004 -7"><span class='ocrx_word' id='word_1_170' title='bbox 164 2226 214 2251; x_wconf 87' lang='lat' dir='ltr'>an</span> <span class='ocrx_word' id='word_1_171' title='bbox 244 2212 336 2251; x_wconf 90' lang='lat' dir='ltr'>ideo</span> <span class='ocrx_word' id='word_1_172' title='bbox 366 2220 519 2250; x_wconf 88' lang='lat' dir='ltr'>tantum</span> <span class='ocrx_word' id='word_1_173' title='bbox 548 2224 722 2258; x_wconf 89' lang='lat' dir='ltr'>veneras,</span> <span class='ocrx_word' id='word_1_174' title='bbox 753 2218 797 2249; x_wconf 91' lang='lat' dir='ltr'>ut</span> <span class='ocrx_word' id='word_1_175' title='bbox 826 2210 979 2249; x_wconf 85' lang='lat' dir='ltr'>exires?</span> 
     </span>
    </p>

    <p class='ocr_par' dir='ltr' id='par_1_10' title="bbox 111 2307 1447 2392">
     <span class='ocr_line' id='line_1_25' title="bbox 154 2307 1446 2341; baseline -0.001 -1"><span class='ocrx_word' id='word_1_176' title='bbox 154 2310 270 2341; x_wconf 72' lang='lat' dir='ltr'>Emsr.</span> <span class='ocrx_word' id='word_1_177' title='bbox 307 2310 442 2340; x_wconf 78' lang='lat' dir='ltr'>titulum</span> <span class='ocrx_word' id='word_1_178' title='bbox 492 2308 728 2340; x_wconf 84' lang='lat' dir='ltr'>VALERIVS</span> <span class='ocrx_word' id='word_1_179' title='bbox 785 2307 1046 2339; x_wconf 77' lang='lat' dir='ltr'>MARTIALIS</span> <span class='ocrx_word' id='word_1_180' title='bbox 1103 2307 1307 2339; x_wconf 86' lang='lat' dir='ltr'>LECTORI</span> <span class='ocrx_word' id='word_1_181' title='bbox 1356 2308 1446 2339; x_wconf 90' lang='lat' dir='ltr'>SVO</span> 
     </span>
     <span class='ocr_line' id='line_1_26' title="bbox 111 2352 1447 2392; baseline -0.002 -7"><span class='ocrx_word' id='word_1_182' title='bbox 111 2354 327 2385; x_wconf 86' lang='lat' dir='ltr'>SALVTEM</span> <span class='ocrx_word' id='word_1_183' title='bbox 347 2353 472 2384; x_wconf 81' lang='lat' dir='ltr'>exhibet</span> <span class='ocrx_word' id='word_1_184' title='bbox 495 2353 632 2392; x_wconf 74' lang='lat' dir='ltr'>CAfort.</span> <span class='ocrx_word' id='word_1_185' title='bbox 653 2358 729 2384; x_wconf 81' lang='lat' dir='ltr'>recte</span> <span class='ocrx_word' id='word_1_186' title='bbox 874 2362 894 2391; x_wconf 87' lang='lat'><strong>3</strong></span> <span class='ocrx_word' id='word_1_187' title='bbox 919 2352 1026 2382; x_wconf 87' lang='lat' dir='ltr'>infim-</span> <span class='ocrx_word' id='word_1_188' title='bbox 1042 2362 1082 2382; x_wconf 83' lang='lat' dir='ltr'>ex</span> <span class='ocrx_word' id='word_1_189' title='bbox 1097 2352 1223 2382; x_wconf 88' lang='lat' dir='ltr'>infirm·</span> <span class='ocrx_word' id='word_1_190' title='bbox 1248 2356 1285 2382; x_wconf 84' lang='lat' dir='ltr'>ut</span> <span class='ocrx_word' id='word_1_191' title='bbox 1305 2352 1368 2384; x_wconf 80' lang='lat' dir='ltr'>vid.</span> <span class='ocrx_word' id='word_1_192' title='bbox 1392 2352 1447 2382; x_wconf 72' lang='lat' dir='ltr'>BA</span> 
     </span>
    </p>
   </div>
   <div class='ocr_carea' id='block_1_7' title="bbox 111 2395 1442 2482">
    <p class='ocr_par' dir='ltr' id='par_1_11' title="bbox 111 2395 1442 2482">
     <span class='ocr_line' id='line_1_27' title="bbox 114 2395 1442 2472; baseline -0.001 -44"><span class='ocrx_word' id='word_1_193' title='bbox 114 2408 152 2428; x_wconf 91' lang='lat' dir='ltr'>ro</span> <span class='ocrx_word' id='word_1_194' title='bbox 175 2398 308 2472; x_wconf 44' lang='lat' dir='ltr'>scripsit</span> <span class='ocrx_word' id='word_1_195' title='bbox 324 2397 379 2429; x_wconf 73' lang='grc' dir='ltr'>ΒΑ</span> <span class='ocrx_word' id='word_1_196' title='bbox 394 2409 401 2429; x_wconf 79' lang='lat' dir='ltr'><em>z</em></span> <span class='ocrx_word' id='word_1_197' title='bbox 427 2397 546 2428; x_wconf 82' lang='lat' dir='ltr'>scribit</span> <span class='ocrx_word' id='word_1_198' title='bbox 565 2397 613 2428; x_wconf 80' lang='lat' dir='ltr'>CA</span> <span class='ocrx_word' id='word_1_199' title='bbox 749 2406 787 2436; x_wconf 86' lang='lat'>13</span> <span class='ocrx_word' id='word_1_200' title='bbox 811 2395 917 2427; x_wconf 84' lang='lat' dir='ltr'>latina</span> <span class='ocrx_word' id='word_1_201' title='bbox 933 2396 1047 2436; x_wconf 89' lang='lat' dir='ltr'>eloqui</span> <span class='ocrx_word' id='word_1_202' title='bbox 1063 2396 1118 2426; x_wconf 79' lang='grc' dir='ltr'>ΒΑ</span> <span class='ocrx_word' id='word_1_203' title='bbox 1136 2397 1211 2436; x_wconf 80' lang='lat' dir='ltr'>(pro</span> <span class='ocrx_word' id='word_1_204' title='bbox 1229 2395 1364 2435; x_wconf 86' lang='lat' dir='ltr'>latinae,</span> <span class='ocrx_word' id='word_1_205' title='bbox 1383 2397 1402 2427; x_wconf 81' lang='lat' dir='ltr'>i.</span> <span class='ocrx_word' id='word_1_206' title='bbox 1419 2407 1442 2427; x_wconf 83' lang='lat' dir='ltr'>e.</span> 
     </span>
     <span class='ocr_line' id='line_1_28' title="bbox 111 2451 304 2482; baseline -0.005 -9"><span class='ocrx_word' id='word_1_207' title='bbox 111 2452 179 2480; x_wconf 88' lang='lat' dir='ltr'>—ne,</span> <span class='ocrx_word' id='word_1_208' title='bbox 212 2451 304 2482; x_wconf 72' lang='lat' dir='ltr'>oqui)</span> 
     </span>
    </p>
   </div>
   <div class='ocr_carea' id='block_1_8' title="bbox 1471 1467 1508 1488">
    <p class='ocr_par' dir='ltr' id='par_1_12' title="bbox 1471 1467 1508 1488">
     <span class='ocr_line' id='line_1_29' title="bbox 1471 1467 1508 1488; baseline 0 0"><span class='ocrx_word' id='word_1_209' title='bbox 1471 1467 1508 1488; x_wconf 89' lang='lat'>10</span> 
     </span>
    </p>
   </div>
   <div class='ocr_carea' id='block_1_9' title="bbox 1470 1797 1505 1828">
    <p class='ocr_par' dir='ltr' id='par_1_13' title="bbox 1470 1797 1505 1828">
     <span class='ocr_line' id='line_1_30' title="bbox 1470 1797 1505 1828; baseline 0 0"><span class='ocrx_word' id='word_1_210' title='bbox 1470 1797 1505 1828; x_wconf 77' lang='lat'>15</span> 
     </span>
    </p>
   </div>
   <div class='ocr_carea' id='block_1_10' title="bbox 1469 2171 1509 2192">
    <p class='ocr_par' dir='ltr' id='par_1_14' title="bbox 1469 2171 1509 2192">
     <span class='ocr_line' id='line_1_31' title="bbox 1469 2171 1509 2192; baseline 0.025 -1"><span class='ocrx_word' id='word_1_211' title='bbox 1469 2171 1509 2192; x_wconf 90' lang='lat'>20</span> 
     </span>
    </p>
   </div>
  </div>
 </body>
</html>
