1648 2729
748 139 1219 180 EPIGRAMMATON
1252 142 1356 179 LIB.
1392 142 1451 179 IX

115 263 189 289 nec
218 249 290 288 tibi
319 250 368 289 sit
397 249 539 289 mirum
569 249 716 289 modici
746 251 856 300 quod
884 250 1044 289 conscia
1072 251 1170 290 vatis

168 315 359 354 iudicium
389 315 529 354 metuit
557 323 691 354 nostra
719 315 861 353 Thalia
888 323 1028 354 tuum:

114 381 198 431 ipse
227 387 313 419 tuas
342 380 461 420 etiam
490 380 635 419 veritus
664 382 774 420 Nero
802 380 946 420 dicitur
973 395 1097 429 aures,

167 446 356 485 lascivum
386 445 537 485 iuvenis
566 460 658 485 cum
687 446 759 485 tibi
787 446 879 485 lusit
908 460 1018 497 opus.
1412 463 1452 486 10

581 546 769 584 XXVIII

116 617 243 654 Dulce
272 617 394 655 decus
424 629 601 664 scaenae,
633 617 818 654 ludorum
847 617 962 663 fama,
996 616 1161 655 Latinus

166 681 231 720 ille
260 695 333 732 ego
363 695 462 730 sum,
493 683 654 732 plausus
683 681 928 732 deliciaeque
958 689 1059 730 tuae,

112 747 181 798 qui
210 755 472 798 spectatorem
502 747 614 798 potui
642 747 782 786 fecisse
812 749 1019 794 Catonern,

165 814 317 852 solvere
345 812 413 863 qui
443 813 584 853 Curios
614 813 896 863 Fabriciosque
923 827 1069 863 graves.

113 879 191 917 Sed
221 877 319 916 nihil
347 892 371 917 a
399 886 535 917 nostro
564 878 731 928 sumpsit
761 892 850 917 mea
877 878 957 916 vita
985 880 1138 917 theatro
1432 895 1448 925 5

166 951 205 982 et
234 945 318 982 sola
347 951 499 982 tantum
531 945 735 983 scaenicus
765 953 847 983 arte
877 945 1002 982 feror:

112 1021 185 1047 nec
214 1017 392 1059 poteram
421 1017 552 1060 gratus
581 1009 747 1048 domino
777 1009 861 1048 sine
891 1009 1067 1048 moribus
1097 1022 1208 1048 esse:

165 1074 327 1113 interius
357 1082 510 1113 mentes
540 1074 699 1124 inspicit
727 1075 792 1113 ille
821 1076 930 1114 deus.

112 1141 195 1178 Vos
224 1153 288 1179 me
317 1139 497 1191 laurigeri
526 1140 740 1190 parasitum
770 1140 890 1179 dicite
920 1140 1085 1187 Phoebi,

165 1207 298 1244 Roma
326 1205 386 1244 sui
414 1207 607 1244 famulum
636 1207 733 1245 dum
763 1206 861 1245 sciat
889 1219 974 1245 esse
1005 1206 1122 1244 Iovis.
1413 1222 1451 1243 10

595 1312 738 1348 XXIX

111 1383 275 1420 Saecula
305 1383 523 1420 Nestoreae
551 1395 770 1432 permensa,
803 1381 992 1429 Philaeni,
1023 1389 1206 1420 senectae

164 1454 275 1498 rapta
303 1461 344 1486 es
373 1448 425 1486 ad
454 1447 626 1486 infernas
655 1456 735 1486 tam
766 1447 844 1486 cito
877 1447 980 1486 Ditis
1008 1449 1164 1497 aquas?

111 1513 316 1553 Euboicae
344 1515 525 1552 nondum
555 1514 791 1552 numerabas
820 1515 937 1564 longa
966 1513 1137 1563 Sibyllae

164 1586 366 1629 tempora:
405 1579 530 1618 maior
558 1586 640 1618 erat
669 1579 872 1618 mensibus
901 1579 966 1617 illa
995 1578 1129 1617 tribus.

111 1646 207 1683 Heu
237 1658 339 1695 quae
368 1644 501 1695 lingua
529 1644 642 1683 silet!
681 1658 762 1683 non
792 1644 899 1682 illam
929 1644 1036 1683 mille
1065 1651 1237 1683 catastae
1431 1662 1447 1692 5

163 1709 387 1757 vincebant,
419 1723 494 1748 nec
523 1723 625 1760 quae
654 1710 768 1748 turba
797 1709 961 1760 Sarapin
990 1717 1107 1757 amat,

110 1789 184 1814 nec
214 1775 397 1814 matutini
425 1775 564 1814 cirrata
592 1783 747 1814 caterva
775 1775 960 1826 magistri,

164 1854 238 1880 nec
268 1855 371 1892 quae
400 1840 625 1891 Strymonio
655 1842 705 1879 de
734 1855 849 1892 grege
882 1841 966 1891 ripa
995 1848 1120 1880 sonat.

110 1920 211 1958 quae
241 1920 348 1945 nunc
376 1906 608 1945 Thessalico
637 1908 772 1945 lunam
802 1907 1000 1945 deducere
1029 1907 1210 1953 rhombo,

164 1986 266 2023 quae
295 1972 392 2011 sciet
421 1973 494 2010 hos
523 1971 610 2010 illos
639 1972 811 2010 vendere
839 1973 929 2010 lena
959 1973 1097 2010 toros?
1409 1988 1449 2010 ιο

139 2077 272 2140 AXXVI
298 2086 316 2115 7
340 2077 474 2126 modico
491 2100 498 2108 .
518 2100 525 2107 .
541 2075 706 2139 .AuatiB-³³
794 2078 815 2108 8
839 2077 957 2108 metuit
972 2076 1034 2107 ΑΑ
1051 2088 1057 2108 :
1082 2081 1209 2108 metuat
1221 2076 1277 2108 ΒΑ
1293 2090 1300 2109 :
1324 2079 1447 2109 meruit

111 2120 140 2151 C
152 2131 350 2205 XXV111103
361 2120 576 2204 lgffilulillsssiz
607 2164 703 2204 potui
721 2163 771 2195 CA
912 2174 931 2203 5
955 2165 1110 2196 uestroL
1129 2165 1166 2206 (u
1178 2170 1241 2207 pro
1257 2166 1293 2202 n)
1427 2169 1448 2196 6

819 2206 844 2234 ci

110 2242 218 2283 seror]
243 2242 290 2273 sui
313 2241 352 2272 N
486 2235 509 2272 8'
529 2241 666 2281 inspicit
688 2241 766 2273 BA:
789 2241 930 2282 suspicit
954 2241 1004 2273 CA
1028 2246 1066 2273 ut
1085 2242 1150 2274 vid.
1178 2242 1366 2284 (suseipieit
1388 2243 1447 2283 El,

110 2286 252 2326 suscipit
267 2284 397 2326 E²XA,
416 2286 557 2326 suspicit
574 2285 646 2326 CG)

154 2330 277 2361 XXIX
299 2341 350 2361 vv.
373 2340 442 2368 1-4,
465 2340 568 2360 11—12
585 2330 658 2361 hab.
683 2329 714 2360 T
790 2340 810 2361 2
835 2334 904 2360 tam
920 2329 1055 2361 AACA:
1080 2339 1156 2361 nam
1174 2330 1228 2361 BA
1347 2342 1367 2370 4
1393 2337 1445 2362 est

116 2373 147 2404 T
283 2375 305 2404 6
328 2374 484 2405 vincebat
502 2384 614 2413 neque
632 2377 653 2404 t.
670 2372 720 2404 CA
829 2374 967 2413 serapin
979 2374 1033 2404 ΒΑ
1050 2385 1057 2405 :
1081 2375 1216 2413 sarapin
1231 2374 1280 2405 CA
1426 2386 1444 2415 7

111 2417 256 2448 ministri
269 2417 325 2448 BA
456 2429 478 2458 9
501 2417 613 2448 tombo
632 2418 713 2458 (th-)
732 2428 810 2449 corr.
827 2417 969 2448 rhombo
987 2421 1024 2448 ut
1039 2418 1102 2449 vid.
1120 2417 1198 2450 BA:
1222 2418 1354 2449 rhombi
1373 2418 1423 2450 CA
