1648 2729
168 154 224 189 M.
257 153 293 189 V
295 153 379 190 AL.
412 153 727 191 MARTIALIS

648 267 790 304 XXIV

166 335 206 374 Si
235 335 331 386 quid
361 337 460 374 forte
489 343 620 386 petam
651 336 792 375 timido
821 335 1033 386 gracilique
1061 336 1206 383 libello,

219 400 387 451 inproba
416 415 497 440 non
527 401 641 439 fuerit
671 401 702 439 si
732 415 820 440 mea
849 403 994 449 charta,
1026 403 1130 440 dato.

167 473 205 504 et
235 466 266 504 si
296 480 378 505 non
408 466 576 514 dederiS,
609 468 764 514 Caesar,
796 467 979 517 permitte
1009 467 1156 517 rogari:

219 533 427 570 offendunt
457 545 675 581 numquam
704 539 790 570 tura
818 545 1034 582 precesque
1065 533 1214 571 Iovem.

166 596 234 646 qui
264 596 374 647 fingit
403 610 534 635 sacros
563 611 658 636 auro
688 599 749 636 vel
778 611 973 636 marmore
1001 599 1143 644 vultus,
1480 612 1497 644 5

222 675 302 700 non
332 661 424 700 facit
453 661 517 700 ille
547 663 670 701 deos:
709 662 776 712 qui
806 670 925 713 rogat,
957 662 1022 701 ille
1052 662 1154 701 facit.

666 781 784 817 XXV

275 850 420 889 Vidisti
450 851 583 898 semel,
617 850 811 901 Oppiane‚
843 858 996 889 tanturn

273 929 433 966 aegrum
464 930 549 955 me:
589 918 691 955 male
720 930 837 967 saepe
867 924 905 955 te
933 916 1090 955 videbo.

649 1036 789 1072 XXVI

169 1106 262 1143 Non
293 1112 350 1144 tot
380 1104 419 1143 in
450 1105 545 1143 Eois
575 1105 705 1144 timuit
736 1104 976 1155 Gangeticus
1005 1105 1105 1143 arvis

221 1178 363 1220 raptor,
394 1170 435 1208 in
465 1172 655 1220 Hyrcano
685 1170 752 1221 qui
781 1170 878 1222 fugit
906 1171 1019 1209 albus
1049 1184 1164 1221 equo,

168 1244 265 1286 quot
295 1244 362 1274 tua
392 1238 524 1275 Roma
552 1250 674 1275 novas
703 1236 812 1284 vidit,
845 1237 1092 1284 Germanice,
1124 1236 1266 1287 tigres:

221 1301 382 1340 delicias
412 1301 541 1352 potuit
570 1316 643 1340 nec
673 1316 878 1341 numerare
907 1315 1008 1340 suas.

167 1366 301 1405 Vincit
331 1369 567 1417 Erythraeos
596 1376 673 1415 tua,
706 1369 860 1415 Caesar,
892 1370 1039 1407 harena
1068 1367 1288 1419 triumphos
1481 1383 1498 1416 5

224 1440 261 1470 et
291 1432 447 1471 victoris
478 1447 573 1483 opes
603 1433 839 1484 divitiasque
869 1433 960 1473 dei:

167 1511 257 1536 nam
289 1512 379 1536 cum
409 1498 585 1548 captivos
613 1506 743 1548 ageret
773 1499 846 1537 sub
875 1498 1052 1537 curribus
1082 1499 1218 1545 Indos,

222 1571 432 1602 contentus
462 1564 618 1614 gemina
648 1564 787 1614 tigride
818 1565 998 1603 Bacchus
1028 1571 1119 1603 erat.

645 1682 808 1718 XXVII

169 1754 338 1790 Munera
367 1751 434 1802 qui
464 1752 535 1790 tibi
565 1753 631 1790 dat
660 1751 858 1802 locupleti,
892 1752 1033 1798 Gaure,
1065 1750 1241 1800 senique,

221 1817 253 1855 si
282 1817 384 1868 sapis
415 1825 453 1856 et
483 1817 612 1864 sentis,
646 1818 723 1856 hoc
752 1817 823 1855 tibi
851 1817 905 1855 ait
937 1817 1144 1855 ‘Morere'

630 1933 817 1970 XXVIII

168 2010 253 2057 Dic,
287 2018 387 2060 toga,
419 2009 579 2048 facundi
607 2017 760 2060 gratum
790 2009 887 2047 mihi
916 2023 1059 2048 munus
1088 2009 1214 2056 amici,

221 2089 306 2113 esse
336 2075 430 2114 velis
461 2075 571 2113 cuius
601 2077 705 2113 fama
734 2076 936 2125 decusque
965 2074 1121 2125 gregis?

171 2142 300 2190 Apula
332 2140 477 2179 Ledaei
508 2140 579 2178 tibi
609 2140 739 2179 floruit
768 2141 891 2179 herba
922 2140 1144 2187 Phalanthi,

220 2220 298 2255 qua
327 2213 472 2244 saturat
502 2205 679 2245 Calabris
709 2207 814 2244 culta
843 2206 1033 2244 Galaesus
1061 2204 1206 2255 aquis?

211 2313 330 2343 XXIV
353 2314 373 2343 6
398 2313 495 2342 illeos
514 2311 560 2342 CA
579 2315 616 2341 ut
630 2310 694 2343 vid.
714 2310 785 2350 (sed
797 2310 852 2340 ille
870 2311 952 2340 deos
968 2309 1013 2348 X,
1032 2310 1050 2340 i.
1071 2319 1130 2340 eos
1150 2308 1191 2348 G)

209 2357 325 2387 XXVI
355 2366 367 2386 1
396 2356 475 2386 Eois
487 2355 562 2385 Ital.
580 2367 586 2385 :
604 2355 652 2385 eis
666 2354 756 2385 codd.
803 2354 906 2384 armis
918 2353 972 2383 BA
1061 2363 1081 2391 3
1105 2363 1245 2383 romano
1258 2362 1341 2393 quas
1355 2352 1404 2383 CA
1419 2351 1500 2392 (pro

167 2410 304 2430 romano
321 2410 393 2433 uas,
411 2401 427 2430 ι’.
439 2411 461 2430 e.
482 2409 574 2429 roma
590 2398 710 2437 nouas)
775 2397 814 2429 G.
830 2397 870 2438 t.]
883 2397 1035 2436 germani
1048 2400 1178 2427 crescet
1194 2396 1248 2427 BA
1329 2397 1350 2426 6
1373 2396 1436 2427 deo
1449 2395 1497 2426 CA

210 2444 343 2473 XXVII
367 2444 440 2474 hab.
461 2443 494 2473 R
582 2452 602 2472 2
627 2442 685 2472 tibi
702 2451 808 2481 gaure
826 2451 919 2472 more
940 2441 1018 2479 (om.
1039 2440 1098 2481 ait)
1117 2439 1151 2470 R
