1648 2729
158 125 215 161 M.
248 123 370 161 VAL.
404 123 721 161 MARTIALIS

634 237 799 274 XXXII

160 310 211 347 Et
239 309 333 346 latet
362 314 401 345 et
429 308 534 345 lucet
563 307 856 346 Phaethontide
885 307 1047 347 condita
1074 315 1194 358 gutta,

212 381 254 412 ut
283 372 462 411 videatur
489 372 573 423 apis
602 380 759 411 nectare
787 373 897 411 clusa
924 386 1007 412 suo.

159 438 324 489 dignum
353 446 552 476 tantorum
582 437 751 488 pretium
782 438 869 476 tulit
898 438 964 476 illa
992 438 1197 477 laborum:

213 503 403 543 credibile
433 511 492 542 est
521 503 647 554 ipsam
678 503 733 541 sic
762 504 934 542 voluisse
963 503 1074 542 mori.

627 593 814 629 XXXIII

161 665 283 702 Plena
312 662 496 701 laboratis
526 663 674 701 habeas
704 677 795 701 cum
826 663 968 702 scrinia
996 663 1118 712 libris,

214 727 366 766 emittis
390 741 521 777 quare,
553 727 771 775 Sosibiane,
803 727 930 766 nihil?

163 795 321 832 ‘Edent
350 794 538 832 heredes'
567 792 698 843 inquis
731 797 843 832 ‘mea
872 792 1069 832 carmina.'
1128 794 1336 843 Quando?

214 867 370 909 tempus
401 866 481 897 erat
510 858 587 896 iam
618 866 667 906 te,
700 858 918 907 Sosibiane,
949 858 1035 909 legi.

629 948 811 984 XXXIV

161 1017 330 1057 Sordida
358 1031 449 1056 cum
479 1016 550 1055 tibi
580 1017 639 1064 sit,
671 1031 806 1056 verum
839 1025 982 1064 tamen,
1015 1019 1158 1065 Astale,
1190 1017 1297 1066 dicit,

215 1082 393 1133 quisquis
422 1090 460 1121 te
489 1082 645 1121 niveam
675 1082 771 1121 dicit
799 1084 945 1122 habere
974 1091 1118 1134 togam.

647 1167 804 1202 XXXV

164 1235 375 1275 Frontibus
405 1235 577 1274 adversis
608 1237 746 1274 molles
777 1249 1009 1275 concurrere
1038 1238 1217 1276 dammas

217 1301 388 1340 vidimus
418 1309 456 1339 et
485 1301 553 1339 fati
583 1310 686 1340 sorte
716 1301 842 1340 iacere
871 1302 964 1352 pari.

163 1375 388 1417 spectavere
417 1380 534 1405 canes
564 1368 764 1416 praedam,
795 1367 1024 1418 stupuitque
1053 1368 1246 1418 superbus

217 1440 380 1471 venator
408 1433 534 1470 cultro
564 1432 618 1469 nil
648 1446 852 1482 superesse
882 1446 965 1471 suo.

165 1499 283 1536 Vnde
313 1499 417 1535 leves
447 1496 569 1535 animi
599 1504 709 1536 tanto
739 1499 894 1536 caluere
922 1500 1082 1537 furore?
1479 1513 1496 1545 5

218 1563 274 1601 sic
303 1570 480 1613 pugnant
509 1562 619 1609 tauri,
652 1562 707 1601 sic
737 1563 915 1602 cecidere
944 1563 1025 1602 viri.

633 1647 812 1684 XXXVI

166 1718 277 1756 Cana
306 1723 364 1754 est
394 1715 516 1754 barba
545 1715 630 1764 tibi,
660 1715 769 1766 nigra
798 1724 857 1754 est
886 1730 1024 1755 coma:
1064 1716 1240 1767 tinguere
1270 1717 1434 1755 barbam

218 1795 300 1820 non
320 1782 588 1832 potes—haec
609 1795 727 1820 causa
747 1789 900 1821 est—et
930 1789 1056 1833 potes,
1076 1783 1162 1830 OIe,
1185 1796 1354 1821 comam.

622 1865 825 1903 XXXVII

167 1936 363 1974 ‘Centum
395 1935 574 1974 Coranus
604 1942 642 1973 et
672 1936 845 1974 ducenta
875 1935 1100 1983 Mancinus,

165 2007 339 2039 trecenta
368 1999 487 2038 debet
516 1999 656 2048 Titius,
688 2002 765 2040 hoc
796 2001 855 2040 bis
884 2001 1066 2048 Albinus,

211 2103 351 2133 XXXII
376 2103 449 2133 lmb.
475 2103 505 2134 T
633 2114 653 2142 3
678 2104 830 2136 laborum
846 2105 959 2137 AACA
977 2105 1073 2145 (—ri):
1099 2105 1260 2137 malorum
1278 2106 1333 2137 ΒΑ

211 2147 368 2177 XXXIII
393 2147 466 2177 hab.
492 2146 521 2177 T
605 2158 624 2187 3
649 2158 702 2178 me
721 2148 769 2179 CA
984 2149 1140 2180 XXXIV
1162 2150 1235 2181 hab.
1261 2150 1291 2180 T
1376 2159 1391 2180 1
1417 2149 1501 2180 dicis

168 2191 218 2222 CA
362 2200 390 2231 1y
411 2201 431 2221 2
448 2191 536 2221 dixit
553 2191 646 2230 falso
667 2193 889 2233 ascripserunt
903 2193 1001 2224 codici
1018 2193 1048 2223 T
1058 2193 1129 2226 edd.

212 2234 348 2265 XXXV
371 2235 444 2266 hab.
469 2234 498 2264 T
624 2244 644 2265 2
669 2235 747 2266 satis
763 2241 836 2267 arte
858 2236 888 2266 T
971 2241 1084 2268 tacere
1100 2237 1155 2267 ΒΑ
1298 2246 1318 2275 3
1342 2237 1500 2277 superbis

174 2277 220 2309 CA
240 2279 297 2316 (—is
309 2284 371 2318 pro
388 2279 456 2317 -us)
591 2287 609 2318 5
635 2279 768 2310 animae
784 2280 864 2310 AA:
890 2281 991 2310 animi
1008 2280 1117 2311 ΒΑΕΑ

212 2322 364 2352 XXXVI
389 2321 463 2353 hab.
481 2321 515 2351 R
618 2332 630 2351 1
658 2323 769 2364 coma]
794 2324 885 2354 coria
902 2323 936 2353 R
1077 2335 1097 2355 2
1121 2328 1173 2355 est
1190 2328 1223 2355 et
1240 2317 1375 2357 AABA‘:
1409 2328 1500 2355 esset

169 2365 222 2405 (es
238 2366 315 2398 sed)
336 2366 403 2396 CA:
430 2369 482 2396 est
498 2365 558 2396 sed
574 2365 648 2396 Ital.

212 2409 382 2439 XXXVII
407 2419 457 2440 vv.
481 2419 552 2449 1-2,
571 2410 658 2440 6-10
676 2409 749 2441 hab.
775 2410 805 2441 T
912 2421 925 2441 1
952 2410 1132 2442 coracinus
1150 2410 1197 2442 CA
