1648 2729
720 130 1190 169 EPIGRAMMATON
1222 131 1327 169 LIB.
1358 130 1441 168 VII

618 243 720 279 XIX

109 323 387 373 Fragmentum
419 324 527 373 quod
556 322 632 362 vile
661 330 776 374 putas
806 331 844 362 et
874 323 1011 363 inutile
1040 324 1201 374 lignum,

160 389 258 426 haec
287 386 360 426 fuit
388 387 511 438 ignoti
540 388 666 438 prima
693 387 826 427 carina
854 388 982 436 maris,
1194 377 1203 380 μ

106 466 226 503 quam
256 466 330 492 ηερ
360 453 544 503 Cyaneae
573 455 778 503 quondam
806 461 971 505 potuere
999 454 1134 493 ruinae

161 519 336 568 frangere
365 532 439 557 nec
469 518 642 569 Scythici
671 518 816 558 tristior
845 519 900 558 ira
928 519 1025 558 freti.

107 585 263 622 saecula
291 583 490 622 vicerunt:
525 585 596 623 sed
625 584 805 635 quamvis
834 585 994 624 cesserit
1022 585 1147 633 annis,
1424 603 1441 634 5

161 648 332 688 sanctior
360 656 419 688 est
448 651 554 688 salva
583 663 702 700 parva
731 650 875 689 tabella
905 658 995 690 rate.

626 779 704 815 XX

107 858 217 897 Nihil
247 866 306 898 est
335 858 513 898 miserius
543 872 674 909 neque
703 858 878 910 gulosius
908 861 1058 899 Santra.

105 931 252 963 rectam
282 932 445 963 vocatus
475 938 565 963 cum
596 924 767 963 cucurrit
794 926 845 963 ad
875 938 1026 973 cenam,

105 1003 226 1040 quam
256 996 314 1029 tot
343 989 484 1029 diebus
514 989 779 1040 noctibusque
807 990 990 1041 captavit,

105 1062 163 1093 ter
191 1054 319 1105 poscit
347 1054 430 1105 apri
459 1055 676 1105 glandulas,
710 1062 848 1105 quater
876 1056 1074 1103 lumbum,

105 1127 144 1159 et
172 1127 381 1170 utramque
410 1133 549 1158 coxam
580 1119 724 1170 leporis
755 1127 793 1159 et
822 1122 924 1160 duos
953 1134 1095 1168 armos,
1425 1141 1442 1171 5

106 1199 180 1225 ηερ
209 1185 406 1224 erubescit
434 1185 608 1236 peierare
637 1187 687 1225 de
717 1187 835 1225 turdo

105 1258 143 1290 et
172 1258 392 1290 ostreorum
421 1264 557 1301 rapere
586 1250 728 1290 lividos
758 1251 888 1290 cirros.

105 1316 241 1356 buccis
269 1318 475 1368 placentae
504 1316 705 1356 sordidam
735 1317 821 1356 linit
850 1331 1064 1368 mappam3

104 1382 183 1421 illic
212 1390 250 1421 et
279 1396 378 1422 uvae
407 1384 667 1422 conlocantur
695 1385 835 1422 ollares

103 1456 142 1487 et
172 1448 412 1488 Punicorum
442 1462 569 1498 pauca
596 1462 716 1499 grana
744 1450 938 1488 malorum
1406 1465 1445 1489 ιο

103 1522 142 1553 et
171 1522 379 1553 excavatae
408 1514 520 1565 pellis
548 1513 738 1553 indecens
767 1516 905 1553 volvae

105 1587 143 1618 et
172 1579 279 1630 lippa
308 1580 406 1619 ficus
435 1579 658 1630 debilisque
687 1580 854 1619 boletus.

105 1646 176 1684 sed
205 1658 350 1696 mappa
379 1659 469 1684 cum
500 1644 577 1683 iam
608 1645 715 1684 mille
744 1645 938 1697 rumpitur
967 1645 1088 1693 furtis,

105 1723 215 1750 rosos
244 1710 394 1760 tepenti
423 1711 639 1762 spondylos
669 1710 757 1749 sinu
787 1710 924 1750 condit

105 1783 144 1815 et
172 1777 361 1815 devorato
390 1776 520 1827 capite
549 1783 737 1815 turturem
768 1784 962 1816 truncum.
1406 1793 1442 1824 15

107 1841 290 1892 colligere
320 1843 438 1892 longa
467 1849 580 1892 turpe
609 1856 683 1881 nec
712 1850 825 1893 putat
854 1844 990 1881 dextra

105 1908 285 1946 analecta
314 1906 510 1957 quidquid
540 1914 578 1946 et
607 1920 725 1946 canes
754 1907 1007 1958 reliquerunt.

106 1986 180 2012 ηερ
209 1973 412 2011 esculenta
440 1972 582 2011 sufficit
610 1974 724 2023 gulae
754 1974 911 2023 praeda,

149 2077 235 2107 XIX
259 2076 332 2109 hab.
357 2076 387 2107 T
483 2086 496 2107 1
521 2081 555 2107 et
583 2087 648 2108 om.
683 2076 713 2106 T
865 2087 885 2107 2
910 2077 1060 2116 ignotum
1080 2075 1128 2107 CA
1146 2079 1183 2106 nt
1197 2075 1261 2106 vid.
1423 2086 1444 2115 3

107 2121 225 2152 cineae
243 2120 292 2151 CA
425 2129 444 2160 5
469 2121 546 2162 sed]
566 2126 598 2151 et
622 2120 652 2150 T
735 2119 851 2162 annis]
870 2121 966 2151 nauis
982 2120 1037 2150 ΒΑ

151 2164 220 2194 ΧΧ
244 2175 263 2194 2
287 2164 433 2196 cucurrit
448 2163 522 2196 Ital.
542 2175 550 2195 :
571 2164 674 2194 currit
691 2163 778 2195 codd.
887 2165 907 2195 8
931 2165 1025 2196 buce.
1045 2163 1129 2204 plac.
1145 2164 1279 2196 Scriver.
1296 2175 1302 2196 :
1325 2163 1442 2194 buccis

107 2208 327 2248 plangentem
344 2208 398 2238 ΒΑ
414 2219 421 2239 :
445 2208 552 2239 dulcis
569 2207 725 2247 placenta
740 2207 789 2238 CA
897 2218 1042 2248 pappam
1062 2211 1098 2238 ul
1112 2207 1176 2239 vid.
1197 2206 1247 2238 CA
1422 2218 1443 2247 9

107 2252 230 2283 oliares
248 2252 303 2282 ΒΑ
330 2252 358 2293 (Ι
380 2256 441 2293 pro
466 2249 507 2293 L)
674 2262 713 2291 13
737 2252 851 2293 furtis]
878 2252 972 2283 uirus
997 2250 1037 2289 L,
1067 2251 1162 2281 hirus
1188 2250 1229 2289 P,
1259 2250 1371 2281 hircus
1400 2251 1441 2290 Q,

108 2295 208 2326 lurris
232 2297 256 2337 (2
272 2295 418 2335 iurus)f
558 2305 598 2335 14
623 2296 773 2336 tepentis
798 2295 991 2335 phondulos
1015 2294 1117 2337 (som)
1136 2295 1190 2324 ΒΑ
1344 2303 1383 2333 15
1408 2300 1443 2326 et

107 2341 289 2370 deuoratos
309 2338 386 2370 BA:
414 2339 618 2370 indeuorato
643 2342 728 2381 (om.
753 2340 801 2379 et)
826 2339 874 2370 CA
979 2344 1143 2370 turturum
1167 2337 1265 2378 (EX)
1288 2338 1338 2369 vel
1356 2349 1442 2369 ·rem

109 2384 174 2424 (A)
201 2382 250 2413 CA
430 2385 469 2414 16
487 2384 601 2425 putat]
619 2384 724 2423 pudet
745 2387 782 2414 ut
798 2382 861 2414 vid.
883 2381 931 2414 CA
1103 2384 1140 2414 18
1163 2382 1378 2413 aesculentes
1395 2382 1443 2413 CA

106 2426 280 2467 praederit
297 2426 344 2457 CA
365 2426 415 2466 (cf.
437 2438 466 2458 v.
487 2427 600 2467 17fin.
616 2426 743 2468 -erunt)
