1648 2729
741 116 1213 155 EPIGRAMMATON
1245 117 1349 154 LIB.
1381 116 1488 154 VIII

155 296 384 336 Pervenisse
413 304 522 334 tuam
551 295 629 334 iam
659 302 697 334 te
727 294 799 333 scit
829 295 996 333 Rhenus
1026 293 1065 331 in
1096 294 1263 340 urbem;

208 381 300 406 nam
330 366 467 418 populi
495 380 613 405 voces
641 365 752 405 audit
782 373 820 404 et
849 364 914 404 ille
943 364 1023 403 tui:

155 433 389 472 Sarmaticas
419 432 537 471 etiam
566 439 703 482 gentes
734 430 998 480 Histrumque
1029 431 1230 480 Getasque

208 498 379 537 laetitiae
409 500 557 537 clamor
586 497 721 536 terruit
750 496 834 547 ipse
864 510 1002 535 novae.

155 563 251 602 dum
282 570 319 602 te
348 564 466 613 longa
494 576 606 602 sacro
633 569 870 602 venerantur
897 560 1041 612 gaudia
1070 559 1199 606 Circo,
1476 574 1493 605 5

209 641 329 667 nemo
359 635 497 678 quater
525 627 667 666 missos
696 640 850 666 currere
879 625 1001 664 sensit
1031 638 1166 675 equos.

157 693 322 731 Nullum
353 693 485 731 Roma
514 693 671 739 ducem,
702 705 778 730 nec
807 698 845 729 te
875 690 941 737 sic,
974 691 1131 736 Caesar,
1161 688 1330 727 amavit:

209 764 248 796 te
277 771 437 808 quoque
466 757 544 796 iam
574 771 655 796 non
685 758 784 807 plus,
816 764 858 795 ut
887 755 979 795 velit
1008 755 1102 806 ipsa,
1134 762 1274 805 potest.

672 835 755 872 XII

156 901 329 938 onrem
360 913 481 950 quare
509 901 749 949 locupletem
780 900 925 937 ducere
954 897 1077 936 nolim

209 965 427 1015 quaeritis?
482 964 605 1003 onri
633 964 784 1003 nubere
813 965 908 1002 nolo
937 976 1059 1001 meae.

156 1030 314 1070 inferior
343 1038 523 1069 matrona
552 1043 624 1068 suo
654 1029 714 1077 sit,
746 1028 888 1076 Prisce,
920 1027 1083 1066 marito:

209 1110 291 1135 non
319 1095 430 1134 aliter
458 1097 558 1134 fiunt
586 1094 734 1133 femina
761 1094 898 1144 virque
926 1106 1049 1144 pares.

664 1173 773 1210 XIII

158 1238 290 1277 Morio
320 1238 449 1278 dictus
479 1245 586 1277 erat:
624 1237 761 1287 viginti
790 1236 950 1274 milibus
979 1235 1068 1274 emi.

210 1306 332 1344 redde
362 1303 458 1342 mihi
487 1316 688 1351 nummos,
716 1302 963 1353 Gargiliane:
1003 1300 1114 1350 sapit.

668 1381 770 1417 XIV

158 1447 309 1486 Pallida
337 1460 388 1485 ne
417 1445 587 1486 Cilicum
617 1444 782 1483 timeant
810 1443 987 1494 pomaria
1015 1442 1196 1481 brumam

211 1513 391 1550 mordeat
420 1513 465 1549 et‘
488 1518 667 1549 tenerum
696 1508 832 1548 fortior
860 1522 954 1546 aura
983 1520 1134 1553 nemus,

157 1577 331 1616 hibernis
361 1576 517 1615 obiecta
545 1575 650 1614 notis
679 1573 897 1625 specularia
924 1587 1044 1624 puros

210 1642 426 1682 admittunt
454 1643 556 1680 soles
586 1648 625 1679 et
654 1640 738 1679 sine
767 1641 876 1678 faece
906 1638 1024 1678 diem.

157 1716 196 1747 at
225 1708 322 1747 mihi
351 1709 450 1747 cella
479 1708 594 1746 datur
622 1720 703 1745 non
734 1713 816 1744 tota
845 1707 954 1744 elusa
982 1706 1162 1751 fenestra,
1477 1721 1493 1751 5

211 1774 251 1812 in
281 1787 359 1824 qua
388 1787 463 1812 nec
493 1775 639 1811 Boreas
668 1771 752 1822 ipse
781 1784 941 1809 manere
970 1769 1072 1808 velit.

158 1839 222 1878 Sic
251 1839 428 1877 habitare
456 1838 569 1877 iubes
598 1845 771 1876 veterem
801 1835 970 1875 crudelis
999 1834 1207 1874 amicum?

211 1904 360 1943 arboris
390 1917 483 1954 ergo
512 1911 602 1942 tuae
631 1902 751 1941 tutior
779 1903 925 1952 hospes
955 1914 1032 1939 ero.

161 2049 268 2086 Dum
298 2060 401 2086 nova
431 2045 652 2084 Pannonici
680 2051 909 2083 numeratur
936 2042 1058 2094 gloria
1088 2042 1190 2089 belli,

212 2112 342 2151 omnis
372 2119 410 2151 et
439 2112 490 2150 ad
519 2112 707 2150 reducem
737 2112 834 2149 dum
863 2109 948 2148 litat
976 2122 1043 2147 ara
1074 2110 1223 2154 Iovem,

204 2216 253 2246 XI
286 2216 360 2248 hal).
392 2215 423 2246 T
475 2229 481 2235 ’
530 2217 551 2245 6
575 2214 678 2246 sentit
701 2214 877 2254 T(etf0rt.
895 2212 970 2251 ΑΛ)
987 2224 992 2243 :
1024 2213 1132 2243 sensit
1148 2223 1188 2242 ex
1204 2211 1311 2242 sentis
1328 2211 1356 2240 L
1475 2212 1496 2240 8

159 2260 244 2291 uelis
261 2259 310 2290 CA
531 2259 598 2289 XII
622 2258 696 2289 lmb.
722 2258 753 2289 T
876 2268 889 2288 1
915 2267 1043 2297 quaere
1061 2256 1110 2286 CA
1215 2255 1285 2286 noli
1304 2254 1351 2285 CA
1475 2265 1495 2293 3

162 2304 295 2344 Prisce]
314 2313 447 2343 queque
463 2302 498 2333 D
516 2303 550 2342 ti.
566 2314 589 2333 e.
610 2302 777 2342 quaeque)
958 2300 1040 2331 XIV
1061 2299 1135 2330 lzab.
1154 2299 1187 2329 R
1287 2309 1307 2337 3
1331 2298 1440 2329 noctis
1461 2302 1498 2327 ut

162 2347 226 2378 vid.
243 2347 293 2378 CA
346 2347 536 2387 specuralia
547 2346 604 2377 BA
684 2357 703 2385 4
721 2345 828 2386 soles]
843 2344 916 2376 sole
932 2344 981 2375 CA
1042 2343 1117 2374 sine
1129 2343 1201 2374 sole
1213 2342 1274 2372 ΑΛ
1290 2354 1296 2373 z
1313 2342 1387 2373 sine
1401 2342 1496 2372 faece

162 2391 269 2421 BACA
358 2400 377 2429 5
402 2391 486 2422 cella
502 2390 615 2431 datur]
634 2391 773 2420 cedatur
787 2389 843 2419 ΒΑ
1037 2388 1101 2419 XV
1128 2397 1142 2417 1
1168 2387 1294 2428 gloria]
1313 2386 1424 2425 roriga
1440 2386 1495 2416 ΒΑ

163 2445 182 2464 2
206 2435 247 2466 ad
270 2445 334 2465 om.
352 2433 410 2465 BA
