1648 2729
187 159 241 196 M.
275 158 396 195 VAL.
430 157 746 196 MARTIALIS

295 271 381 307 Issa
409 276 468 308 est
497 268 662 308 deliciae
692 269 832 307 catella
862 267 992 307 Publi.
1501 283 1518 314 5

293 335 396 372 hanc
425 342 477 381 tu,
510 333 542 372 si
572 333 756 384 queritur,
788 333 898 383 loqui
927 332 1114 383 putabis;

293 398 411 437 sentit
438 398 714 449 tristitiamque
741 398 1024 448 gaudiumque.

294 465 397 502 collo
426 464 517 502 nixa
545 464 664 502 cubat
694 463 878 514 capitque
912 476 1085 509 somnos,

295 537 336 567 ut
365 528 531 579 suspiria
559 530 666 566 nulla
695 528 913 567 sentiantur
929 543 937 575 3

295 602 334 634 et
362 594 559 633 desiderio
588 601 726 632 coacta
753 593 898 633 ventris
1483 608 1522 629 10

293 667 403 709 gutta
432 658 549 709 pallia
578 672 659 697 non
688 659 825 697 fefellit
853 660 942 706 ulla,

295 725 365 762 sed
394 725 544 762 blando
573 725 675 774 pede
705 723 866 762 suscitat
896 732 1062 773 toroque

296 789 444 839 deponi
473 796 610 827 monet
639 796 678 827 et
707 796 816 838 rogat
849 788 981 827 levari.

296 862 427 893 castae
455 862 587 892 tantus
617 853 717 892 inest
747 855 876 903 pudor
904 855 1081 901 catellae,

297 919 448 968 ignorat
477 921 702 966 Venerem3
741 932 814 957 nec
843 918 1066 957 invenimus
1486 933 1523 965 ¹5

297 984 462 1034 dignum
492 991 572 1022 tam
602 991 736 1022 tenera
765 983 890 1022 virum
920 985 1064 1034 puella.

300 1051 419 1087 Hanc
449 1062 498 1087 ne
527 1050 593 1086 lux
622 1048 746 1099 rapiat
775 1062 959 1099 suprema
987 1056 1123 1095 totam,

297 1113 402 1163 picta
432 1113 595 1152 Publius
626 1113 806 1163 exprimit
835 1114 993 1161 tabella,

298 1179 338 1217 in
367 1192 445 1229 qua
475 1186 554 1217 tam
585 1178 753 1217 similem
783 1178 937 1217 videbis
970 1180 1110 1225 Issam,

299 1252 342 1282 ut
371 1244 420 1282 sit
449 1252 529 1282 tarn
560 1243 696 1282 similis
727 1243 801 1282 sibi
830 1257 906 1282 nec
935 1243 1032 1294 ipsa.
1487 1260 1527 1281 20

300 1311 426 1347 Issam
456 1309 630 1359 denique
659 1323 764 1359 pone
794 1323 885 1347 cum
915 1309 1082 1347 tabella:

299 1382 366 1412 aut
396 1383 603 1424 utramque
633 1374 790 1424 putabis
820 1388 906 1413 esse
934 1388 1078 1421 veram,

300 1447 366 1478 aut
396 1447 604 1490 utramque
632 1439 790 1490 putabis
821 1453 906 1478 esse
935 1439 1094 1490 pictam.

715 1556 789 1594 CX

194 1638 372 1677 Scribere
401 1651 464 1676 me
495 1638 677 1687 quereris,
710 1639 846 1684 Velox,
880 1637 1162 1688 epigrammata
1191 1638 1317 1686 longa.

248 1702 330 1752 ipse
360 1702 457 1740 nihil
488 1702 649 1741 scribis:
690 1711 731 1741 tu
762 1702 940 1741 breviora
968 1701 1074 1740 facis.

707 1824 802 1863 CXI

196 1907 299 1944 Cum
329 1905 401 1943 tibi
431 1905 479 1943 sit
509 1905 672 1955 sophiae
702 1919 771 1955 par
799 1906 904 1943 fama
932 1912 970 1943 et
1000 1918 1092 1942 cura
1121 1905 1298 1949 deorum,

248 1970 407 2020 ingenio
436 1970 560 2020 pietas
590 1983 664 2008 nec
694 1970 823 2008 minor
851 1969 936 2020 ipsa
965 1983 1059 2008 suo:

196 2036 346 2086 ignorat
376 2035 522 2074 meritis
552 2037 645 2074 dare
676 2050 849 2083 munera,
881 2035 948 2085 qui
978 2035 1050 2073 tibi
1079 2034 1222 2073 librum

249 2108 287 2138 et
317 2100 384 2150 qui
414 2100 583 2148 miratur,
618 2103 781 2151 Regule,
813 2109 898 2139 tura
928 2100 1021 2139 dari.

239 2205 259 2233 8
284 2204 370 2234 colla
386 2204 442 2233 ΒΑ
549 2214 638 2235 nexa
657 2205 706 2235 CA
862 2215 901 2243 ¹3
927 2210 1043 2234 monet
1060 2209 1093 2234 et
1110 2208 1207 2243 rogat
1228 2203 1248 2234 l.
1270 2203 1324 2233 ΒΑ
1340 2201 1430 2242 (cum
1446 2202 1503 2242 M)
1524 2215 1530 2232 :

197 2252 291 2283 rogat
308 2252 341 2277 et
359 2252 475 2278 monet
491 2247 615 2278 eleuari
636 2248 685 2278 CA
814 2250 918 2287 15—16
940 2258 1006 2278 om.
1028 2247 1077 2278 CA

241 2291 303 2321 CX
327 2291 400 2323 lmb.
419 2291 449 2321 T

241 2334 321 2364 CXI
347 2345 420 2364 cnm
439 2334 502 2366 CX
518 2334 610 2373 confl.
631 2334 682 2364 BA
699 2347 705 2364 :
734 2339 808 2373 post
824 2335 921 2366 CXII
941 2335 1043 2365 colloc.
1064 2334 1113 2365 CA
1255 2342 1268 2362 1
1295 2333 1433 2363 deorum
1450 2332 1505 2362 ΒΑ
1521 2344 1527 2362 :

198 2378 347 2408 laborum
368 2378 417 2409 CA
606 2387 625 2407 2
650 2384 706 2408 tuo
725 2378 797 2409 Ital.
992 2389 1012 2417 3
1035 2378 1116 2417 quid
1134 2377 1189 2407 ΒΛ
1206 2382 1283 2417 (pro
1299 2376 1394 2416 quit;
1417 2386 1479 2415 seq.
1501 2378 1527 2415 t)

199 2433 215 2459 4
242 2421 314 2452 iura
332 2421 381 2451 CA
