1648 2729
781 170 1251 209 EPIGRAMMATON
1284 172 1388 209 LIB.
1421 173 1457 209 X

123 293 197 319 nec
225 281 384 330 languet
412 293 571 330 aequor,
602 279 689 318 viva
718 281 787 319 sed
818 280 929 331 quies
959 281 1070 332 ponti

122 345 268 396 pictam
297 346 489 395 phaselon
517 344 729 384 adiuvante
758 347 830 384 fert
858 360 962 392 aura,

126 410 227 449 sicut
256 411 410 461 puellae
439 423 520 448 non
550 410 718 448 amantis
747 418 937 449 aestatem

123 483 231 515 mota
260 476 415 514 salubre
444 489 616 526 purpura
643 476 750 515 venit
778 476 908 527 frigus.
1422 496 1456 526 ¹5

124 555 197 580 nec
227 548 310 579 seta
337 543 457 590 longo
487 540 638 591 quaerit
667 541 706 579 in
738 542 834 580 mari
863 543 1062 592 praedam,

123 607 193 645 sed
222 619 245 644 a
274 606 394 645 cubili
423 608 649 656 lectuloque
678 606 862 645 iactatam

123 679 321 721 spectatus
350 673 427 710 alte
456 671 601 710 lineam
631 672 748 710 trahit
776 672 905 722 piscis.

123 737 163 776 Si
194 738 356 787 quando
387 738 540 776 Nereus
570 737 688 775 sentit
718 737 833 776 Aeoli
862 752 1036 788 regnum,

123 803 224 841 ridet
252 804 443 853 procellas
473 810 556 840 tuta
585 804 635 841 de
665 816 737 841 suo
768 817 927 842 mensa:
1420 821 1459 841 20

123 867 274 919 piscina
303 868 515 906 rhombum
545 867 670 918 pascit
699 876 737 906 et
766 870 880 918 lupos
910 883 1058 916 vernas,

122 940 231 972 natat
260 934 310 972 ad
341 933 568 983 magistrum
598 933 766 971 delicata
796 948 970 981 murena,

122 1001 423 1038 nomenculator
452 999 638 1049 mugilem
668 998 762 1037 citat
790 1007 930 1037 notum

122 1072 161 1103 et
189 1066 328 1103 adesse
357 1064 451 1102 iussi
481 1065 678 1115 prodeunt
705 1078 819 1103 senes
849 1065 971 1103 mulli.

125 1129 216 1168 Frui
246 1131 315 1169 sed
346 1129 428 1168 istis
457 1131 630 1179 quando,
664 1131 805 1176 Roma,
838 1130 1059 1180 permittis?
1418 1146 1455 1178 ²5

123 1202 220 1246 quot
250 1195 482 1233 Formianos
511 1194 667 1245 inputat
695 1194 779 1233 dies
808 1209 936 1234 annus

123 1259 336 1310 negotiosis
365 1260 482 1299 rebus
512 1260 618 1298 urbis
648 1260 853 1299 haerenti?

124 1340 147 1365 o
176 1325 361 1364 ianitores
390 1325 574 1375 vilicique
604 1325 759 1364 felices!

123 1391 296 1430 dominis
325 1398 510 1442 parantur
538 1390 621 1438 ista,
654 1391 827 1430 serviunt
855 1391 978 1430 vobis.

621 1475 760 1511 XXXI

125 1538 289 1578 Addixti
318 1552 473 1577 servum
503 1537 676 1576 nummis
708 1540 798 1577 here
828 1538 934 1577 mille
963 1538 1155 1585 ducentis,

178 1612 221 1643 ut
250 1605 352 1643 bene
381 1617 553 1652 Cenares,
586 1603 823 1652 Calliodore,
855 1606 987 1643 semel.

124 1684 198 1709 nec
228 1671 330 1709 bene
360 1669 532 1708 cenasti:
573 1671 716 1708 mullus
746 1670 818 1708 tibi
848 1677 1033 1720 quattuor
1062 1677 1218 1720 emptus

178 1736 364 1774 librarum
394 1749 516 1774 cenae
546 1748 694 1785 pompa
723 1743 921 1785 caputque
951 1735 1034 1774 fuit.

123 1803 341 1841 exclamare
369 1801 488 1840 libet:
531 1802 646 1839 ‘Non
676 1808 735 1839 est
763 1800 839 1848 hic,
871 1800 1048 1851 inprobe,
1080 1814 1161 1839 non
1191 1807 1249 1839 est
1441 1815 1456 1846 5

177 1866 318 1917 piscis:
357 1867 480 1905 homo
509 1874 591 1914 est3
630 1866 846 1913 hominem,
879 1866 1116 1913 Cassiodore,
1148 1867 1306 1904 comes.'

580 1945 744 1981 XXXII

126 2011 240 2048 Haec
270 2009 367 2047 mihi
396 2023 498 2060 quae
526 2009 668 2047 colitur
695 2008 807 2047 violis
837 2009 988 2059 pictura
1016 2008 1206 2059 rosisque,

178 2088 278 2125 quos
308 2076 447 2114 referat
475 2076 615 2121 voltus,
648 2073 898 2121 Caediciane,
930 2076 1072 2124 rogas?

126 2140 210 2179 talis
240 2148 321 2179 erat
351 2142 511 2178 Marcus
542 2139 683 2178 mediis
712 2139 912 2178 Antonius
941 2139 1055 2177 annis

179 2206 359 2244 Primus:
390 2205 431 2243 in
461 2206 538 2243 hoc
567 2205 751 2244 iuvenem
782 2219 823 2244 se
852 2205 960 2244 videt
989 2219 1055 2244 ore
1085 2219 1215 2244 senex.

172 2315 210 2335 12
234 2305 315 2335 uina
327 2305 376 2335 CA
528 2314 565 2343 13
591 2304 745 2344 phaseon
771 2304 820 2335 CA
979 2314 1016 2343 14
1039 2304 1200 2354 agitantis
1221 2304 1269 2335 CA
1300 2347 1306 2354 .
1422 2315 1460 2344 15

125 2348 355 2434 Ziouzauecgae)
375 2391 424 2422 CA
445 2349 669 2432 (εΙΞνξῙ-ἒξάἃ
694 2348 743 2379 CA
764 2402 803 2422 21
830 2348 1094 2430 lupu517C¹³fUblll
1115 2348 1193 2432 323:
1214 2347 1461 2423 ncounliiecrilcliiitgg

127 2435 176 2466 CA
308 2445 349 2474 25
374 2436 539 2475 permittit
562 2435 639 2466 BA:
672 2435 840 2475 permittis
859 2434 908 2465 CA

124 2479 289 2554 ΑέζέξΧῙ
312 2479 453 2552 halugA
550 2489 563 2509 1
591 2479 745 2511 ducentis
761 2479 894 2510 AACA:
919 2479 1078 2509 trecentis
1094 2479 1151 2509 ΒΑ
1303 2480 1324 2509 6
1348 2489 1462 2509 comes

252 2535 259 2554 :
283 2532 384 2554 uoras
