1648 2729
246 152 303 188 M.
334 152 457 190 VAL.
492 152 807 190 MARTIALIS

689 264 911 302 LXXXIII

243 331 375 368 Nemo
404 328 556 367 habitat
584 328 701 378 gratis
731 329 805 367 nisi
834 329 944 368 dives
973 337 1012 368 et
1041 330 1161 368 orbus
1189 330 1297 379 apud
1326 337 1374 368 te.

298 408 417 433 nemo
447 395 613 433 domum
642 394 774 444 pluris,
807 394 1028 443 Sosibiane,
1056 396 1171 433 locat.

688 478 905 515 LXXXIV

243 542 323 591 Qui
353 543 533 580 nondum
564 541 714 592 Stygias
743 543 986 581 descendere
1015 542 1167 592 quaerit
1195 544 1247 581 ad
1276 542 1434 581 umbras

296 615 497 646 tonsorem
527 606 660 657 fugiat,
692 607 722 645 si
752 607 864 657 sapit,
896 607 1153 646 Antiochum.

241 673 330 711 alba
360 672 490 710 minus
520 672 644 711 saevis
674 674 894 711 lacerantur
922 673 1107 711 bracchia
1135 673 1280 720 cultris,

295 752 385 776 cum
416 737 507 776 furit
536 739 587 776 ad
617 737 806 787 Phrygios
835 739 980 776 enthea
1008 738 1122 776 turba
1151 740 1318 786 mod0s3

242 803 372 842 mitior
402 803 597 854 inplicitas
626 804 757 841 Alcon
787 811 894 842 secat
922 805 1165 842 enterocelas
1561 821 1577 853 5

295 871 496 919 fractaque
525 868 653 907 fabrili
682 870 845 907 dedolat
874 882 965 907 ossa
993 883 1126 907 manu.

242 935 407 973 tondeat
436 934 501 972 hic
530 933 669 983 inopes
700 933 873 983 Cynicos
903 941 942 972 et
972 933 1105 972 Stoica
1134 941 1268 972 menta

294 1002 475 1050 collaque
506 1001 690 1049 pulverea
719 1001 844 1038 nudet
873 999 1019 1049 equina
1047 999 1151 1038 iuba.

241 1065 305 1104 hic
335 1065 521 1103 miserum
552 1064 736 1114 Scythica
764 1065 837 1103 sub
867 1078 963 1115 rupe
994 1065 1231 1103 Promethea
1259 1065 1381 1112 radat,

293 1130 519 1169 carnificem
549 1131 649 1168 duro
678 1137 837 1180 pectore
866 1138 1004 1180 poscet
1032 1143 1174 1177 avem3
1539 1146 1579 1168 10

239 1196 290 1234 ad
321 1204 484 1234 matrem
515 1195 636 1245 fugiet
665 1196 879 1243 Pentheus,
909 1197 960 1234 ad
992 1196 1211 1234 Maenadas
1242 1195 1438 1246 Orpheus,

294 1260 484 1299 Antiochi
513 1268 667 1298 tantum
696 1261 863 1299 barbara
891 1262 969 1299 tela
997 1268 1151 1299 sonent.

242 1326 355 1362 Haec
385 1337 662 1373 quaecumque
691 1336 781 1361 meo
811 1322 1024 1361 numeratis
1054 1322 1235 1373 stigmata
1264 1330 1410 1370 mento,

293 1389 333 1427 in
363 1388 483 1427 vetuli
512 1396 651 1439 pyctae
682 1388 813 1438 qualia
842 1390 970 1427 fronte
999 1389 1149 1435 sedent,

240 1468 321 1493 non
350 1454 548 1493 iracundis
577 1453 669 1493 fecit
698 1453 823 1504 gravis
853 1453 1051 1504 unguibus
1080 1467 1200 1492 uxor:
1536 1470 1573 1502 15

294 1519 482 1558 Antiochi
511 1521 655 1558 ferrum
685 1527 743 1558 est
773 1527 811 1557 et
840 1521 1028 1558 scelerata
1057 1532 1209 1557 manus.

240 1588 352 1624 Vnus
382 1587 432 1624 de
462 1585 615 1624 cunctis
645 1584 881 1623 animalibus
910 1584 1042 1623 hircus
1076 1585 1197 1623 habet
1226 1598 1316 1623 cor:

292 1651 478 1689 barbatus
509 1650 600 1688 vivit
629 1664 679 1688 ne
708 1652 805 1688 ferat
835 1650 1091 1689 Antiochum.

681 1734 894 1770 LXXXVI

241 1799 379 1837 Leniat
410 1806 452 1837 ut
481 1800 613 1837 fauces
644 1797 834 1845 medicus,
865 1811 963 1848 quas
992 1811 1131 1848 aspera
1158 1805 1272 1836 vexat

291 1863 458 1902 adsidue
487 1863 618 1911 tussis,
648 1864 957 1913 Parthenopaee,
990 1862 1073 1910 tibi,

239 1930 355 1968 mella
384 1928 466 1968 dari
495 1930 739 1978 nucleosque
768 1928 878 1967 iubet
906 1929 1122 1978 dulcesque
1151 1930 1352 1978 placentas

292 2002 330 2033 et
359 1994 555 2045 quidquid
585 2007 728 2044 pueros
757 2007 840 2032 non
869 1993 961 2032 sinit
990 2007 1076 2032 esse
1105 2001 1245 2032 truces.

284 2092 468 2123 LXXXIII
491 2093 566 2124 hab.
590 2092 620 2122 T
792 2092 974 2123 LXXXIV
996 2093 1071 2123 hab.
1094 2092 1128 2124 T.
1170 2092 1250 2122 Post
1265 2091 1448 2122 LXXVIII
1465 2092 1500 2122 in
1515 2092 1571 2123 ΒΑ

241 2146 253 2166 1
281 2137 418 2167 umbras
434 2136 532 2166 ΛΑΝ
546 2138 635 2177 (cum
655 2136 700 2176 Q)
717 2148 725 2167 :
749 2137 858 2167 undas
878 2136 986 2167 BACA
1134 2146 1154 2166 2
1178 2136 1286 2175 fugiat
1302 2135 1441 2167 AABA:
1463 2136 1571 2175 fugiet

241 2179 289 2210 CA
306 2180 371 2220 (—at
387 2180 439 2218 Α)
571 2191 591 2219 3
616 2180 691 2210 alba
707 2179 847 2210 AABA:
869 2180 950 2211 orba
969 2180 1019 2211 CA
1153 2190 1172 2217 4
1195 2179 1275 2209 furit
1290 2180 1351 2209 ΑΛ
1368 2179 1485 2218 (fuerit
1507 2179 1566 2218 T),

235 2234 275 2253 ex
290 2223 373 2262 sugit
389 2223 446 2253 BA
461 2235 469 2254 z
492 2223 576 2263 fugit
595 2223 644 2254 CA
717 2223 856 2263 srigiose
878 2223 907 2253 T
1028 2232 1048 2263 5
1072 2222 1187 2254 mitius
1197 2222 1312 2253 AAN:
1336 2223 1448 2254 mitior
1462 2222 1572 2254 ΒΑΕΔ

236 2268 258 2296 6
280 2267 407 2297 delolat
426 2266 476 2297 CA
556 2269 576 2298 8
599 2267 677 2298 iuna
692 2267 752 2297 ΑΑ
770 2268 876 2307 <iuuat
898 2267 944 2306 T)
962 2267 1017 2297 ΒΑ
1124 2277 1145 2306 9
1169 2267 1288 2305 stycha
1306 2267 1390 2306 (sti-)
1411 2266 1506 2307 (EA)
1524 2267 1574 2297 vel

236 2311 391 2349 scythica
409 2310 459 2341 CA
614 2321 654 2342 10
678 2312 762 2341 duro
778 2311 856 2343 AA:
880 2311 971 2341 nudo
990 2310 1098 2341 BACA
1208 2316 1324 2349 pascat
1341 2311 1419 2350 (pro
1436 2312 1567 2350 poscat)

236 2354 295 2384 ΑΛ
310 2365 317 2384 :
341 2359 458 2393 poscet
474 2353 582 2385 BACA
718 2364 753 2385 11
780 2355 945 2385 meanada
963 2354 1011 2384 CA
1135 2363 1172 2392 13
1198 2354 1365 2384 numerati
1383 2353 1431 2384 CA
1448 2354 1568 2394 (seq.s)

240 2408 278 2436 14
302 2398 398 2428 uituli
417 2399 507 2437 picta
530 2397 559 2427 T
705 2400 744 2428 16
768 2402 802 2428 et
815 2409 881 2429 om.
903 2398 933 2428 T
1083 2407 1120 2436 17
1145 2397 1245 2428 habet
1262 2397 1337 2438 cor]
1356 2397 1500 2427 habetur
1514 2396 1569 2427 BA

283 2440 462 2472 LXXXVI
488 2441 562 2472 hab.
586 2441 621 2473 T.
661 2440 742 2472 Post
753 2441 886 2471 LXXX
900 2441 935 2472 in
951 2440 1007 2471 BA
1102 2449 1122 2479 3
1147 2441 1241 2471 iubes
1262 2440 1292 2471 T
1374 2452 1394 2480 4
1417 2439 1501 2471 sInis
1519 2440 1571 2471 CA
