1648 2729
760 142 1229 180 EPIGRAMMATON
1261 142 1433 178 LIBER

100 257 196 297 vidit
225 257 265 296 in
294 269 492 307 aequoreo
522 257 715 294 ferventes
744 256 904 304 pulvere
934 267 1068 292 currus
1300 288 1304 291 ,
1416 269 1433 299 5

154 331 193 362 et
222 322 374 362 domini
404 321 544 360 Triton
573 320 649 359 isse
679 319 830 370 putavit
860 332 1010 369 equos:

100 390 277 439 dumque
306 396 416 439 parat
445 386 570 425 saevis
599 385 746 424 ratibus
776 386 856 423 fera
886 383 1034 435 proelia
1063 385 1229 431 Nereus,

155 453 305 492 horruit
334 453 373 491 in
403 451 563 503 liquidis
592 451 647 490 ire
676 450 868 501 pedestris
897 449 1020 500 aquis.

100 518 296 569 quidquid
324 526 363 557 et
391 517 431 556 in
462 517 579 557 Circo
608 524 806 567 spectatur
835 523 873 554 et
902 514 1219 566 Amphitheatro,

154 583 263 623 dives
294 585 488 623 Caesarea
516 581 708 633 praestitit
738 582 846 620 unda
875 580 956 618 tibi.
1397 595 1435 616 ιο

102 649 274 688 Fucinus
304 657 342 688 et
371 648 507 699 †tigri†
537 655 740 686 taceantur
769 654 906 696 stagna
935 645 1131 684 Neronis:

154 716 257 753 hanc
286 714 417 753 norint
447 727 566 752 unam
597 713 753 751 saecula
782 710 1071 750 naumachiam.

618 791 759 827 XXIX

101 863 204 901 Cum
235 863 404 900 traheret
435 861 602 908 Priscus,
634 861 803 898 traheret
833 858 1048 897 certamina
1077 860 1216 904 Verus,

155 935 257 966 esset
285 935 324 965 et
352 926 527 977 aequalis
559 927 667 964 Mars
697 924 900 974 utriusque
929 923 1009 971 diu,

100 991 235 1031 missio
265 1005 382 1043 saepe
411 991 500 1030 viris
531 1004 675 1040 magno
704 991 876 1029 clamore
905 988 1027 1039 petita
1056 996 1114 1027 est
1129 1004 1138 1036 3

154 1059 224 1096 sed
255 1058 400 1097 Caesar
429 1056 504 1107 legi
533 1055 661 1107 paruit
690 1055 774 1106 ipse
803 1068 897 1093 suae
915 1069 977 1092 :-—-

99 1124 161 1161 lex
189 1130 281 1170 erat,
311 1123 363 1161 ad
392 1122 558 1172 digitum
587 1121 716 1173 posita
744 1134 977 1159 concurrere
1006 1132 1219 1170 parmaz—
1417 1130 1435 1163 5

154 1189 263 1238 quod
292 1187 412 1235 licuit,
443 1189 576 1226 lances
605 1189 792 1236 donaque
821 1199 939 1235 saepe
969 1184 1089 1223 dedit.

101 1254 283 1292 inventus
313 1261 446 1292 tamen
477 1260 535 1292 est
564 1252 653 1290 finis
683 1251 921 1290 discriminis
950 1250 1091 1301 aequi:

154 1332 377 1369 pugnavere
406 1332 529 1369 pares,
562 1318 811 1356 subcubuere
840 1329 962 1367 pares.

101 1383 206 1422 misit
234 1383 390 1433 utrique
418 1384 535 1422 rudes
565 1390 603 1421 et
632 1383 783 1433 palmas
813 1383 958 1421 Caesar
986 1380 1165 1430 utrique:

154 1450 231 1487 hoc
260 1449 429 1499 pretium
458 1448 578 1486 virtus
608 1447 812 1497 ingeniosa
840 1446 938 1485 tulit.
1399 1460 1436 1481 10

102 1514 279 1564 Contigit
308 1516 385 1553 hoc
414 1515 524 1552 nullo
554 1513 629 1552 nisi
658 1521 696 1551 te
726 1513 800 1551 sub
830 1511 1018 1562 principe,
1051 1512 1219 1550 Caesar:

155 1593 246 1618 cum
276 1581 358 1618 duo
387 1586 617 1630 pugnarent,
648 1578 772 1617 victor
800 1586 965 1627 uterque
994 1576 1077 1615 fuit.

626 1657 743 1693 XXX

103 1727 272 1766 Concita
300 1729 456 1766 veloces
485 1728 635 1777 fugeret
663 1740 754 1764 cum
784 1727 946 1764 damma
976 1725 1177 1763 Molossos

157 1800 196 1831 et
223 1792 328 1831 varia
355 1794 480 1831 lentas
510 1800 684 1831 necteret
711 1800 793 1830 arte
823 1804 963 1838 moras,

104 1858 283 1897 Caesaris
312 1866 403 1897 ante
432 1859 555 1908 pedes
585 1859 750 1907 supplex
779 1856 996 1907 similisque
1025 1855 1177 1906 roganti

157 1923 344 1971 constitit,
375 1931 413 1962 et
442 1925 629 1973 praedam
658 1936 740 1961 non
769 1922 930 1972 tetigere
959 1935 1088 1960 canes.

1421 2002 1438 2031 5

159 2055 257 2092 haec
285 2053 486 2092 intellecto
515 2053 692 2104 principe
721 2054 829 2091 dona
857 2052 955 2091 tulit.

150 2157 305 2189 XXVIII
329 2160 350 2188 6
374 2158 501 2188 domini
519 2158 613 2189 Jtal.:
634 2157 779 2188 domiH
901 2158 922 2187 8
946 2157 995 2187 ire
1010 2155 1110 2188 Ital.:
1133 2166 1199 2187 om.
1213 2155 1274 2185 ΑΛ
1402 2165 1442 2185 10

107 2201 223 2242 Caes.]
243 2202 379 2242 Caesar,
399 2203 430 2232 io
446 2201 604 2232 Heinsius
737 2200 814 2243 tibi]
841 2201 934 2231 trabe
955 2199 1083 2239 Senger
1097 2198 1203 2240 (Filol.
1225 2199 1338 2230 Obosr.
1356 2209 1386 2229 v.
1411 2200 1440 2239 1)

110 2255 146 2276 11
166 2245 252 2284 pigri
263 2245 336 2277 Ital.
355 2258 362 2277 ι
387 2245 449 2276 diri
465 2245 647 2276 Heinsius:
671 2245 745 2275 duri
763 2245 804 2287 (ἓ)
823 2244 1054 2274 Fm'edlaender

151 2288 275 2320 XXIX
290 2289 363 2321 hab.
382 2289 456 2319 HR
522 2300 541 2329 5
560 2290 689 2329 possita
703 2312 711 2320 .
730 2312 738 2320 .
757 2312 765 2320 .
786 2288 896 2328 palma
913 2287 979 2326 (ffi
996 2288 1044 2318 vel
1059 2285 1201 2326 positam
1218 2309 1226 2317 .
1245 2310 1252 2317 .
1271 2310 1279 2317 .
1300 2286 1442 2325 palmam

111 2332 171 2373 (R)
197 2333 278 2364 ΑΑτ
302 2345 378 2366 corr.
401 2334 546 2375 [Wagner
655 2345 677 2373 9
699 2344 741 2364 rn.
764 2333 914 2372 utrisque
931 2331 1006 2372 (Hz
1037 2331 1171 2370 -iusque
1184 2329 1234 2371 R)
1251 2330 1330 2360 AA:
1357 2340 1438 2360 corr.

105 2376 254 2418 Scaliger
425 2389 530 2410 11—12
554 2389 626 2410 nov.
651 2376 748 2418 epigr.
764 2377 841 2408 AA:
867 2387 946 2407 corr.
964 2375 1114 2415 Scaliger
1267 2383 1302 2404 11
1329 2379 1360 2404 te
1379 2374 1442 2404 sub

109 2421 274 2462 Scaliger:
298 2423 356 2453 tibi
373 2423 434 2454 ΑΛ

155 2464 259 2496 XXX
282 2467 354 2499 hab.
373 2466 447 2497 HR
534 2465 627 2497 Inter
641 2464 776 2496 XXVII
794 2467 824 2495 et
839 2463 993 2495 XXVIII
1011 2462 1133 2493 exhibet
1147 2462 1187 2493 H
