1648 2729
726 119 1196 158 EPIGRAMMATON
1228 121 1333 158 LIB.
1367 121 1431 158 III

633 230 691 266 IV

100 300 272 338 Romam
303 300 412 345 vade,
445 298 568 339 liber:
607 299 650 346 si,
683 299 835 338 veneris
864 301 984 347 unde,
1015 300 1196 350 requiret,

153 364 347 403 Aemiliae
376 364 484 403 dices
514 366 564 403 de
593 364 753 414 regione
782 364 878 404 viae.

99 427 142 476 si,
174 429 319 479 quibus
349 428 389 467 in
420 429 541 476 terris,
573 443 652 479 qua
681 429 803 468 simus
833 429 872 468 in
903 430 1011 477 urbe,
1043 430 1206 480 rogabit,

153 494 315 533 Corneli
344 496 486 533 referas
516 508 580 533 me
610 494 700 534 licet
730 509 816 534 esse
847 497 961 534 Foro.

99 573 168 597 cur
196 559 335 607 absim,
367 567 555 609 quaeret:
594 560 764 598 breviter
792 568 833 598 tu
864 562 987 599 multa
1017 562 1160 600 fatere:
1419 578 1436 609 5

156 626 272 663 ‘Non
302 633 455 675 poterat
484 639 608 664 vanae
638 625 770 664 taedia
797 627 896 665 ferre
926 627 1066 676 togae.'

103 691 300 740 ‘Quando
329 690 491 729 venit?'
521 690 653 730 dicet:
692 699 734 729 tu
763 693 1030 742 respondeto:
1073 694 1221 730 ‘Poeta

153 756 320 795 exierat:
359 756 501 804 veniet,
533 770 624 795 cum
654 757 905 796 citharoedus
936 757 1030 796 erit.’

642 857 678 893 V

101 931 170 969 Vis
200 931 473 970 commendari
504 931 588 970 sine
619 945 682 970 me
711 945 895 970 cursurus
925 931 964 970 in
996 932 1145 979 urbem,

154 1010 272 1047 parve
301 996 408 1043 liber,
442 996 585 1043 multis,
617 1010 667 1034 an
698 996 790 1035 satis
821 1010 924 1035 unus
954 997 1058 1035 erit?

101 1075 202 1099 unus
232 1061 314 1108 erit,
346 1061 443 1099 mihi
472 1063 599 1109 crede,
632 1062 735 1109 satis,
769 1061 832 1100 cui
862 1075 943 1101 non
974 1062 1048 1101 eris
1078 1063 1236 1112 hospes,

156 1126 291 1173 Iulius,
321 1126 534 1165 adsiduum
565 1141 713 1166 nomen
743 1127 782 1165 in
813 1141 879 1167 ore
909 1141 1010 1166 meo.

101 1191 280 1241 protinus
310 1193 417 1230 hunc
448 1191 597 1242 primae
627 1206 792 1243 quaeres
822 1193 863 1231 in
892 1193 1030 1232 limine
1059 1195 1232 1231 Tectae:
1419 1209 1435 1239 5

155 1270 255 1307 quos
285 1257 410 1295 tenuit
442 1258 636 1309 Daphnis,
669 1272 775 1297 nunc
806 1266 914 1297 tenet
943 1258 1008 1297 ille
1037 1260 1147 1296 lares.

101 1330 159 1360 est
188 1322 243 1360 illi
272 1322 457 1370 coniunx,
490 1337 591 1373 quae
621 1331 659 1361 te
690 1323 955 1374 manibusque
985 1323 1155 1373 sinuque

155 1387 334 1437 excipiet,
366 1396 407 1426 tu
438 1389 499 1426 vel
528 1389 824 1438 pulverulentus
855 1402 931 1427 eas.

102 1454 174 1491 hos
204 1460 245 1491 tu
276 1466 344 1491 seu
375 1452 518 1503 pariter
547 1453 628 1492 sive
657 1454 760 1492 hanc
790 1453 950 1492 illumve
980 1453 1149 1503 priorem

155 1517 310 1565 videris,
341 1519 418 1556 hoc
447 1518 556 1557 dices
589 1520 775 1557 ‘Marcus
805 1520 947 1558 havere
976 1518 1111 1565 iubet‚’
1402 1534 1439 1555 10

102 1591 140 1621 et
169 1583 262 1621 satis
292 1591 376 1622 est:
414 1583 512 1622 alios
542 1585 798 1623 commendet
827 1584 1017 1634 epistola:
1056 1591 1194 1634 peccat

157 1647 225 1697 qui
254 1642 623 1688 commendandum
654 1663 696 1688 se
724 1657 836 1700 putat
865 1663 951 1688 esse
981 1649 1071 1687 suis,

632 1750 692 1787 VI

105 1825 191 1861 Lux
220 1823 290 1862 tibi
321 1832 411 1874 post
442 1826 539 1863 Idus
570 1833 798 1864 numeratur
827 1824 939 1864 tertia
970 1825 1111 1871 Maias,

158 1889 402 1936 Marcelline,
434 1889 510 1928 tuis
541 1890 601 1928 bis
631 1891 869 1930 celebranda
897 1890 1026 1929 sacris.

149 1992 195 2022 IV
217 1992 290 2023 hal).
316 1993 346 2023 T
451 2004 465 2024 1
493 1994 633 2033 requirit
648 1994 709 2024 ΛΑ
725 1994 802 2035 <pro
817 1994 898 2035 -ret)
1013 2004 1033 2033 3
1058 1993 1186 2034 rogarit
1203 1994 1285 2024 AA:
1310 1994 1441 2034 rogabit

103 2036 159 2066 ΒΑ
174 2048 180 2067 :
204 2037 337 2076 rogauit
356 2037 405 2068 CA
424 2039 500 2078 (pro
515 2038 590 2077 -bit)
724 2048 743 2077 5
768 2038 875 2069 absim
892 2037 1007 2068 AACA
1022 2050 1029 2069 ε
1053 2038 1141 2068 absit
1156 2038 1212 2068 ΒΑ
1299 2044 1441 2077 quaeret

103 2080 267 2121 breviter]
295 2091 382 2119 quae
407 2082 556 2112 breviter
579 2086 721 2121 quaeret
746 2085 782 2111 nt
805 2081 869 2112 vid.
890 2081 939 2112 CA
959 2082 1017 2120 (sic
1034 2081 1084 2119 E;
1119 2093 1205 2121 quae
1225 2082 1273 2113 br.
1299 2082 1357 2121 A;
1391 2082 1438 2112 br.

103 2129 245 2163 quaeret
256 2122 402 2164 XBGF)
491 2136 508 2164 7
535 2126 635 2155 uenie
655 2125 704 2156 CA
721 2125 763 2166 (E
773 2130 835 2166 pro
851 2125 892 2165 T)
938 2124 942 2127 ’
962 2125 1044 2156 dicit
1063 2125 1112 2156 CA
1124 2130 1199 2164 (pro
1215 2125 1319 2165 dicet)
1390 2136 1441 2155 re-

103 2168 236 2206 sponde
254 2172 377 2207 poetae
395 2168 445 2199 CA
460 2168 536 2210 <sed
549 2174 597 2200 —ta
612 2167 720 2209 XCG)
854 2170 873 2199 8
899 2168 1106 2199 citharoedis
1125 2169 1174 2200 CA
1191 2170 1247 2209 <-is
1257 2174 1321 2209 pro
1335 2179 1401 2204 -uss⁴

147 2211 178 2241 V
204 2221 217 2240 1
244 2222 363 2243 cursus
377 2212 434 2242 BA
473 2218 478 2224 '
565 2223 585 2252 3
609 2213 674 2243 erit
691 2214 722 2243 h.
740 2212 789 2243 CA
920 2222 940 2251 5
966 2213 1093 2251 primae
1112 2223 1255 2252 quaeres
1272 2213 1305 2244 in
1324 2212 1440 2242 limine

104 2254 230 2285 Tectae
253 2254 456 2286 Gronovius:
489 2256 587 2295 primi
606 2280 614 2287 .
633 2280 640 2288 .
661 2281 667 2287 .
686 2257 766 2287 tecti
785 2256 862 2287 BA:
895 2256 1093 2296 primaeque
1113 2257 1148 2286 in
1170 2257 1311 2287 crimine
1330 2261 1440 2287 tectae

110 2298 159 2328 CA
290 2310 311 2338 9
334 2300 423 2330 hane
441 2299 580 2330 illumue
596 2299 652 2329 BA
667 2311 674 2330 z
698 2301 789 2330 hunc
806 2300 942 2330 illamue
962 2299 1010 2330 CA
1156 2310 1194 2330 ιο
1218 2300 1342 2331 habere
1359 2300 1441 2340 (pro

107 2341 245 2382 hauere)
265 2342 354 2374 codd.
445 2343 526 2373 libet
543 2343 597 2373 ΒΑ
614 2343 726 2386 <lip1v
739 2345 792 2383 ju)

150 2385 197 2416 VI
223 2396 242 2416 2
266 2386 469 2417 celebrande
490 2386 539 2417 CA
