1648 2729
749 176 1008 213 EPIGRAM
1016 176 1219 215 MATON
1251 177 1354 213 LIB.
1387 178 1424 214 X

93 290 182 328 Hos
212 296 344 328 tamen
374 295 417 327 ut
446 287 579 338 primis
609 295 741 338 raptos
771 288 846 326 sibi
875 288 1027 338 quaerit
1057 288 1097 326 in
1126 288 1250 326 annis.

144 354 348 405 inprobius
378 353 476 392 nihil
505 353 565 392 his
595 353 752 392 fletibus
782 367 867 392 esse
896 361 1037 404 potest.

567 438 725 474 LXXII

199 504 366 549 Frustra,
399 500 631 549 Blanditiae,
662 501 802 540 venitis
831 502 883 540 ad
913 514 976 540 me

198 567 350 605 adtritis
380 566 620 605 miserabiles
650 566 825 605 labellis:

198 631 374 671 dicturus
403 631 611 670 dominum
641 633 842 682 deumque
872 645 951 669 non
982 645 1081 670 sum.

198 697 276 736 Iam
306 711 387 736 non
417 705 476 736 est
504 699 614 736 locus
645 698 719 735 hac
748 697 788 735 in
818 697 914 735 urbe
943 697 1083 744 vobis3

196 764 248 801 ad
278 764 444 801 Parthos
473 764 610 813 procul
639 762 691 801 ite
721 762 899 813 pilleatos
1409 778 1425 809 5

199 835 237 867 et
266 835 398 878 turpes
428 828 677 879 humilesque
706 827 983 878 supplicesque

197 893 393 943 pictorum
423 895 507 932 sola
535 893 685 932 basiate
713 906 859 943 regum.

200 960 294 997 Non
324 966 383 998 est
412 959 476 997 hic
506 959 692 997 dominus
723 959 794 997 sed
824 958 1046 1008 imperator,

197 1025 268 1062 sed
297 1023 533 1062 iustissimus
563 1023 742 1062 omnium
772 1031 938 1070 senator,

198 1103 268 1139 per
295 1103 414 1140 quem
445 1091 495 1128 de
524 1089 656 1139 Stygia
685 1090 807 1128 domo
836 1090 998 1127 reducta
1028 1096 1086 1126 est
1391 1104 1429 1126 ιο

198 1154 311 1193 siccis
340 1154 485 1193 rustica
513 1154 667 1194 Veritas
696 1154 857 1204 capillis.

200 1222 293 1260 Hoc
323 1221 398 1259 sub
426 1220 614 1271 principe,
647 1219 679 1258 si
708 1219 823 1270 sapis,
856 1226 993 1258 caveto

197 1287 337 1335 verbis,
370 1288 511 1334 Roma,
542 1285 737 1337 prioribus
765 1285 948 1336 loquaris.

559 1366 742 1404 LXXIII

92 1429 239 1468 Littera
267 1428 427 1467 facundi
456 1436 609 1479 gratum
640 1427 736 1466 mibi
766 1427 907 1478 pignus
936 1426 1054 1464 amici

144 1494 313 1545 pertulit,
346 1493 549 1532 Ausoniae
579 1494 686 1532 dona
715 1506 849 1531 severa
878 1499 1002 1541 togae,

91 1574 170 1611 qua
198 1574 278 1598 non
310 1559 523 1606 Fabricius,
555 1560 626 1597 sed
654 1559 771 1596 vellet
800 1557 964 1607 Apicius
994 1556 1061 1603 uti,

143 1627 261 1664 vellet
291 1627 505 1664 Maecenas
536 1623 796 1664 Caesarianus
826 1636 958 1673 eques.

90 1691 203 1730 vilior
231 1692 329 1729 haec
359 1690 474 1729 nobis
502 1689 580 1728 alio
610 1689 792 1729 mittente
820 1689 985 1735 fuisset;
1413 1703 1430 1733 5

145 1770 226 1796 non
256 1769 509 1806 quacumque
539 1769 659 1794 manu
688 1754 848 1793 victima
877 1767 991 1793 caesa
1020 1753 1130 1791 litat:

91 1837 114 1861 a
143 1830 181 1861 te
210 1821 330 1860 missa
357 1821 490 1860 venit:
528 1834 688 1871 possem
718 1819 793 1858 nisi
823 1833 967 1858 munus
996 1832 1138 1865 amare,

147 1889 294 1934 Marce,
326 1894 449 1934 tuum,
480 1894 659 1936 poteram
689 1899 837 1924 nomen
866 1898 998 1923 amare
1028 1897 1173 1922 meum.

92 1966 255 1991 munere
284 1953 354 1990 sed
383 1953 471 2002 plus
500 1958 559 1990 est
588 1958 626 1989 et
655 1950 817 1988 nomine
845 1949 989 2000 gratius
1019 1949 1106 2000 ipso

146 2017 318 2057 officium
349 2016 457 2056 docti
486 2016 757 2066 iudiciumque
786 2015 867 2054 viri.
1396 2031 1434 2052 10

563 2094 740 2132 LXXIV

94 2162 180 2199 Iam
209 2173 325 2210 parce
354 2160 468 2206 lasso,
502 2159 643 2205 Roma,
674 2156 911 2208 gratulatori‚

93 2228 195 2265 lasso
225 2224 369 2264 clienti.
430 2223 635 2274 Quamdiu
664 2224 852 2262 salutator

140 2330 256 2361 LXXI
284 2339 301 2368 7
327 2333 459 2360 maeret
475 2327 636 2358 Heinsius
908 2326 1043 2356 LXXII
1068 2336 1086 2355 2
1107 2326 1230 2357 attritis
1250 2325 1343 2366 (atr.)
1362 2325 1428 2357 cod.

95 2373 246 2405 LXXIII
275 2383 288 2403 1
316 2373 440 2413 pignus
455 2371 534 2401 BA:
559 2381 682 2401 munus
699 2371 748 2402 CA
977 2380 995 2399 2
1019 2370 1154 2410 severa]
1173 2379 1248 2400 sera
1266 2369 1314 2400 CA
1333 2369 1435 2408 (unde

93 2429 218 2449 serena
236 2417 276 2458 C)
404 2426 422 2455 5
447 2427 477 2446 v.
497 2426 541 2446 ne
559 2416 590 2446 h.
611 2415 660 2445 CA
784 2426 805 2454 9
830 2413 984 2454 nomine]
1004 2424 1145 2445 munere
1162 2413 1216 2443 ΒΑ
1306 2413 1435 2452 gratior

97 2462 147 2493 CA
384 2459 534 2490 LXXIV
561 2470 575 2490 1
601 2463 698 2499 parte
716 2458 765 2489 CA
783 2462 811 2498 (t
822 2463 884 2499 pro
901 2459 936 2499 c)
