1648 2729
377 288 445 336 M.
495 288 654 335 VAL.
710 287 1126 335 MARTIALIS

443 405 1055 454 EPIGRAMMATON

580 537 774 591 [LIBER
802 537 928 591 XIII]

647 662 853 700 XENIA.

715 745 769 781 ΙΙ.

81 827 273 864 NASVTVS
303 825 354 864 sis
385 839 510 876 usque
541 825 641 872 licet,
674 825 725 864 sis
755 826 929 876 denique
964 840 1096 874 nasus,

133 898 327 941 quantum
357 893 537 929 noluerat
566 892 664 945 ferre
693 899 851 941 rogatus
882 893 1035 939 Atlans,

79 964 117 995 et
146 956 273 1007 possis
303 956 433 1007 ipsum
464 964 505 994 tu
535 956 713 995 deridere
744 956 957 995 Latinum:

132 1036 214 1061 non
244 1030 357 1073 potes
387 1022 428 1060 in
457 1036 580 1072 nugas
610 1022 741 1061 dicere
771 1024 882 1072 plura
912 1036 1020 1061 meas

78 1088 163 1139 ipse
192 1102 265 1139 ego
296 1102 415 1139 quarn
445 1088 535 1127 dixi.
596 1088 706 1137 Quid
741 1090 903 1127 dentem
933 1089 1053 1127 dente
1084 1088 1232 1127 iuvabit
1399 1110 1415 1139 5

131 1155 300 1193 rodere?
338 1167 455 1192 carne
485 1167 585 1204 opus
615 1161 684 1201 est,
717 1153 749 1192 si
778 1161 883 1192 satur
912 1168 998 1193 esse
1027 1154 1132 1192 velis.

78 1221 142 1258 Ne
170 1220 312 1270 perdas
342 1233 526 1270 operam:
566 1218 634 1269 qui
663 1232 705 1257 se
735 1218 936 1266 mirantur,
968 1219 1007 1257 in
1037 1219 1124 1257 illos

130 1284 234 1322 virus
265 1285 378 1332 habe,
410 1298 483 1323 nos
514 1285 612 1322 haec
642 1283 824 1322 novimus
854 1297 940 1322 esse
969 1283 1077 1322 nihil.

76 1363 158 1389 non
187 1358 321 1388 tamen
351 1351 427 1388 hoc
457 1349 623 1387 nimium
655 1349 752 1387 nihil
782 1356 850 1396 est,
883 1349 915 1387 si
944 1349 1139 1388 candidus
1168 1363 1261 1387 aure

130 1429 205 1454 nec
234 1415 428 1454 matutina
457 1415 488 1453 si
519 1415 615 1453 mihi
645 1416 774 1453 fronte
803 1415 924 1453 venis.
1380 1432 1416 1453 10

596 1505 663 1541 ΙΙΙ

75 1580 218 1620 Omnis
247 1580 287 1618 in
317 1581 394 1618 hoc
423 1580 556 1630 gracili
584 1582 820 1619 XENioRVM
851 1580 965 1619 turba
994 1579 1128 1618 libello

128 1645 327 1684 constabit
356 1645 530 1684 nummis
559 1653 745 1696 quattuor
773 1654 908 1696 empta
936 1645 1017 1684 tibi.

76 1713 275 1761 Quattuor
304 1719 363 1750 est
391 1711 589 1749 nimium?
627 1711 771 1761 poterit
799 1719 981 1750 constare
1011 1710 1183 1757 duobus,

128 1785 166 1816 et
195 1777 314 1816 faciat
343 1778 496 1815 lucrum
531 1777 762 1828 bybliopola
789 1778 994 1827 Tryphon.

75 1843 190 1880 Haec
218 1841 310 1880 licet
338 1841 562 1892 hospitibus
591 1855 662 1892 pro
692 1856 855 1880 munere
884 1841 1053 1880 disticha
1082 1840 1225 1887 mittas,
1395 1859 1411 1889 5

127 1906 159 1945 si
188 1907 260 1945 tibi
289 1915 369 1945 tam
398 1920 506 1945 rarus
536 1920 656 1956 quarn
686 1906 783 1945 mihi
813 1920 999 1944 nummus
1030 1906 1110 1944 erit.

72 1972 224 2011 Addita
251 1986 321 2023 per
350 1971 484 2010 titulos
514 1985 585 2010 sua
613 1971 776 2010 nomina
805 1972 922 2010 rebus
952 1971 1141 2010 habebis:

125 2045 359 2088 praetereas,
389 2037 421 2076 si
450 2037 547 2088 quid
577 2050 658 2075 non
687 2036 779 2076 facit
807 2038 859 2076 ad
888 2038 1150 2076 stomachum.

118 2142 150 2172 II
169 2142 243 2173 hab.
267 2142 297 2172 T
364 2151 371 2171 ι
396 2141 507 2172 Nasus
525 2141 682 2181 (EA)z¹el
692 2141 842 2172 Nasutus
868 2140 922 2179 X)
937 2140 986 2171 CA
1032 2141 1102 2171 sid.
1120 2140 1149 2170 T
1211 2151 1230 2170 2
1250 2146 1410 2180 quantam

72 2191 209 2216 rouerat
225 2186 247 2218 f.
267 2191 406 2225 rogatur
423 2196 451 2217 a.
472 2185 521 2216 CA
624 2195 643 2223 3
669 2185 782 2224 possis
798 2185 937 2215 AABA:
962 2195 1080 2224 posses
1099 2184 1149 2214 CA
1249 2194 1269 2223 5
1293 2185 1409 2225 quam]

71 2230 132 2261 sed
149 2229 209 2259 ΑΛ
340 2240 356 2269 7
382 2230 555 2259 minantur
570 2228 625 2258 ΒΑ
643 2231 743 2267 (-nat-
762 2227 806 2270 L)
930 2229 950 2258 8
974 2229 1060 2259 habe
1077 2227 1211 2259 ΑΑΒΑι
1237 2228 1342 2259 habes
1360 2229 1409 2259 CA

72 2284 94 2313 9
117 2274 274 2304 conditus
297 2273 327 2303 T
458 2283 497 2303 10
521 2273 616 2303 uenit
638 2272 668 2302 T

118 2317 166 2347 111
190 2317 264 2347 hab.
291 2317 338 2352 T:
362 2327 412 2347 vv.
429 2317 492 2355 7-8
514 2317 588 2348 lzab.
605 2317 639 2347 R
732 2326 746 2346 1
772 2316 899 2355 graecii
919 2315 966 2346 CA
1057 2315 1231 2346 seniorum
1248 2315 1297 2345 CA
1387 2328 1406 2354 4

73 2361 171 2392 saciat
188 2360 271 2391 AA:
296 2360 397 2391 saciet
414 2360 522 2391 BACA
632 2360 698 2399 5ἡὸ
722 2371 795 2390 nov.
821 2360 918 2400 epigr.
945 2359 978 2389 in
1000 2358 1054 2388 BA
1187 2369 1206 2397 5
1233 2359 1337 2389 mittis
1354 2359 1408 2388 BA

70 2407 91 2435 6
115 2403 201 2446 tam]
214 2415 312 2444 quam
330 2403 378 2434 CA
469 2414 486 2443 7
513 2414 584 2435 nov.
602 2405 700 2444 epigr.
720 2404 754 2434 in
768 2403 823 2434 BA
840 2403 915 2444 (qui
928 2413 994 2434 om.
1011 2413 1039 2433 v.
1058 2403 1092 2441 8)
1183 2404 1204 2433 8
1228 2408 1408 2443 praeterea

74 2448 122 2479 CA
140 2450 217 2488 (seq.
235 2449 271 2490 s)
