<?xml version="1.0" encoding="UTF-8"?>
<!DOCTYPE html PUBLIC "-//W3C//DTD XHTML 1.0 Transitional//EN"
    "http://www.w3.org/TR/xhtml1/DTD/xhtml1-transitional.dtd">
<html xmlns="http://www.w3.org/1999/xhtml" xml:lang="en" lang="en">
 <head>
  <title>
</title>
<meta http-equiv="Content-Type" content="text/html;charset=utf-8" />
  <meta name='ocr-system' content='tesseract 3.04.00' />
  <meta name='ocr-capabilities' content='ocr_page ocr_carea ocr_par ocr_line ocrx_word'/>
</head>
<body>
  <div class='ocr_page' id='page_1' title='image "./epigrammatasele00martuoft_0141.png"; bbox 0 0 1648 2729; ppageno 0'>
   <div class='ocr_carea' id='block_1_1' title="bbox 731 114 1337 154">
    <p class='ocr_par' dir='ltr' id='par_1_1' title="bbox 731 114 1337 154">
     <span class='ocr_line' id='line_1_1' title="bbox 731 114 1337 154; baseline 0.002 -3"><span class='ocrx_word' id='word_1_1' title='bbox 731 114 1202 154; x_wconf 90' lang='lat' dir='ltr'>EPIGRAMMATON</span> <span class='ocrx_word' id='word_1_2' title='bbox 1233 115 1337 153; x_wconf 88' lang='lat' dir='ltr'>LIB.</span> 
     </span>
    </p>
   </div>
   <div class='ocr_carea' id='block_1_2' title="bbox 87 223 1279 602">
    <p class='ocr_par' dir='ltr' id='par_1_2' title="bbox 91 223 1022 340">
     <span class='ocr_line' id='line_1_2' title="bbox 91 223 1022 275; baseline -0.001 -12"><span class='ocrx_word' id='word_1_3' title='bbox 91 224 177 263; x_wconf 88' lang='lat' dir='ltr'>talis</span> <span class='ocrx_word' id='word_1_4' title='bbox 207 224 451 275; x_wconf 87' lang='lat' dir='ltr'>supplicibus</span> <span class='ocrx_word' id='word_1_5' title='bbox 481 223 617 263; x_wconf 87' lang='lat' dir='ltr'>tribuit</span> <span class='ocrx_word' id='word_1_6' title='bbox 646 223 872 263; x_wconf 87' lang='lat' dir='ltr'>diademata</span> <span class='ocrx_word' id='word_1_7' title='bbox 902 224 1022 263; x_wconf 89' lang='lat' dir='ltr'>Dacis</span> 
     </span>
     <span class='ocr_line' id='line_1_3' title="bbox 144 289 926 340; baseline 0 -12"><span class='ocrx_word' id='word_1_8' title='bbox 144 297 182 328; x_wconf 89' lang='lat' dir='ltr'>et</span> <span class='ocrx_word' id='word_1_9' title='bbox 213 289 457 340; x_wconf 87' lang='lat' dir='ltr'>Capitolinas</span> <span class='ocrx_word' id='word_1_10' title='bbox 487 289 596 339; x_wconf 86' lang='lat' dir='ltr'>itque</span> <span class='ocrx_word' id='word_1_11' title='bbox 625 289 805 340; x_wconf 87' lang='lat' dir='ltr'>reditque</span> <span class='ocrx_word' id='word_1_12' title='bbox 833 289 926 328; x_wconf 88' lang='lat' dir='ltr'>vias.</span> 
     </span>
    </p>

    <p class='ocr_par' dir='ltr' id='par_1_3' title="bbox 93 354 1211 470">
     <span class='ocr_line' id='line_1_4' title="bbox 93 354 1211 405; baseline 0.001 -13"><span class='ocrx_word' id='word_1_13' title='bbox 93 354 170 393; x_wconf 89' lang='lat' dir='ltr'>Dic</span> <span class='ocrx_word' id='word_1_14' title='bbox 199 368 348 405; x_wconf 87' lang='lat' dir='ltr'>precor,</span> <span class='ocrx_word' id='word_1_15' title='bbox 380 368 404 393; x_wconf 95' lang='lat' dir='ltr'>o</span> <span class='ocrx_word' id='word_1_16' title='bbox 433 354 557 393; x_wconf 88' lang='lat' dir='ltr'>nostri</span> <span class='ocrx_word' id='word_1_17' title='bbox 586 354 650 393; x_wconf 91' lang='lat' dir='ltr'>dic</span> <span class='ocrx_word' id='word_1_18' title='bbox 679 354 841 393; x_wconf 88' lang='lat' dir='ltr'>conscia</span> <span class='ocrx_word' id='word_1_19' title='bbox 868 354 976 404; x_wconf 91' lang='lat' dir='ltr'>virgo</span> <span class='ocrx_word' id='word_1_20' title='bbox 1005 354 1211 403; x_wconf 84' lang='lat' dir='ltr'>Tonantis,</span> 
     </span>
     <span class='ocr_line' id='line_1_5' title="bbox 143 418 1091 470; baseline 0.001 -13"><span class='ocrx_word' id='word_1_21' title='bbox 143 418 176 457; x_wconf 88' lang='lat' dir='ltr'>si</span> <span class='ocrx_word' id='word_1_22' title='bbox 205 427 322 469; x_wconf 87' lang='lat' dir='ltr'>negat</span> <span class='ocrx_word' id='word_1_23' title='bbox 350 420 427 458; x_wconf 94' lang='lat' dir='ltr'>hoc</span> <span class='ocrx_word' id='word_1_24' title='bbox 456 421 576 467; x_wconf 86' lang='lat' dir='ltr'>vultu,</span> <span class='ocrx_word' id='word_1_25' title='bbox 609 433 690 470; x_wconf 89' lang='lat' dir='ltr'>quo</span> <span class='ocrx_word' id='word_1_26' title='bbox 719 421 819 458; x_wconf 92' lang='lat' dir='ltr'>solet</span> <span class='ocrx_word' id='word_1_27' title='bbox 847 433 940 469; x_wconf 91' lang='lat' dir='ltr'>ergo</span> <span class='ocrx_word' id='word_1_28' title='bbox 969 421 1091 458; x_wconf 90' lang='lat' dir='ltr'>dare?</span> 
     </span>
    </p>

    <p class='ocr_par' dir='ltr' id='par_1_4' title="bbox 87 483 1279 602">
     <span class='ocr_line' id='line_1_6' title="bbox 87 483 1249 535; baseline 0.002 -13"><span class='ocrx_word' id='word_1_29' title='bbox 87 483 147 523; x_wconf 90' lang='lat' dir='ltr'>-sic</span> <span class='ocrx_word' id='word_1_30' title='bbox 177 497 274 534; x_wconf 89' lang='lat' dir='ltr'>ego:</span> <span class='ocrx_word' id='word_1_31' title='bbox 313 484 369 523; x_wconf 92' lang='lat' dir='ltr'>sic</span> <span class='ocrx_word' id='word_1_32' title='bbox 398 484 567 523; x_wconf 89' lang='lat' dir='ltr'>breviter</span> <span class='ocrx_word' id='word_1_33' title='bbox 595 484 724 535; x_wconf 90' lang='lat' dir='ltr'>posita</span> <span class='ocrx_word' id='word_1_34' title='bbox 752 484 850 523; x_wconf 91' lang='lat' dir='ltr'>mihi</span> <span class='ocrx_word' id='word_1_35' title='bbox 881 486 1067 535; x_wconf 83' lang='lat' dir='ltr'>Gorgone</span> <span class='ocrx_word' id='word_1_36' title='bbox 1097 487 1249 524; x_wconf 84' lang='lat' dir='ltr'>Pallas:</span> 
     </span>
     <span class='ocr_line' id='line_1_7' title="bbox 148 550 1279 602; baseline 0.002 -15"><span class='ocrx_word' id='word_1_37' title='bbox 148 550 286 598; x_wconf 85' lang='lat' dir='ltr'>‘Quae</span> <span class='ocrx_word' id='word_1_38' title='bbox 311 551 496 588; x_wconf 88' lang='lat' dir='ltr'>nondum</span> <span class='ocrx_word' id='word_1_39' title='bbox 526 551 619 588; x_wconf 85' lang='lat' dir='ltr'>data</span> <span class='ocrx_word' id='word_1_40' title='bbox 648 557 749 597; x_wconf 86' lang='lat' dir='ltr'>sunt,</span> <span class='ocrx_word' id='word_1_41' title='bbox 782 551 912 597; x_wconf 88' lang='lat' dir='ltr'>stulte,</span> <span class='ocrx_word' id='word_1_42' title='bbox 944 558 1085 600; x_wconf 85' lang='lat' dir='ltr'>negata</span> <span class='ocrx_word' id='word_1_43' title='bbox 1114 552 1279 602; x_wconf 86' lang='lat' dir='ltr'>putas?&#39;</span> 
     </span>
    </p>
   </div>
   <div class='ocr_carea' id='block_1_3' title="bbox 621 666 682 703">
    <p class='ocr_par' dir='ltr' id='par_1_5' title="bbox 621 666 682 703">
     <span class='ocr_line' id='line_1_8' title="bbox 621 666 682 703; baseline 0 0"><span class='ocrx_word' id='word_1_44' title='bbox 621 666 682 703; x_wconf 93' lang='lat' dir='ltr'>XI</span> 
     </span>
    </p>
   </div>
   <div class='ocr_carea' id='block_1_4' title="bbox 86 745 1308 1381">
    <p class='ocr_par' dir='ltr' id='par_1_6' title="bbox 91 745 1308 861">
     <span class='ocr_line' id='line_1_9' title="bbox 91 745 1308 797; baseline 0.002 -13"><span class='ocrx_word' id='word_1_45' title='bbox 91 746 214 795; x_wconf 88' lang='lat' dir='ltr'>Quod</span> <span class='ocrx_word' id='word_1_46' title='bbox 244 760 325 785; x_wconf 92' lang='lat' dir='ltr'>non</span> <span class='ocrx_word' id='word_1_47' title='bbox 355 745 404 784; x_wconf 87' lang='lat' dir='ltr'>sit</span> <span class='ocrx_word' id='word_1_48' title='bbox 434 747 600 796; x_wconf 91' lang='lat' dir='ltr'>Pylades</span> <span class='ocrx_word' id='word_1_49' title='bbox 630 748 708 786; x_wconf 93' lang='lat' dir='ltr'>hoc</span> <span class='ocrx_word' id='word_1_50' title='bbox 737 754 926 797; x_wconf 87' lang='lat' dir='ltr'>tempore,</span> <span class='ocrx_word' id='word_1_51' title='bbox 958 761 1039 785; x_wconf 90' lang='lat' dir='ltr'>non</span> <span class='ocrx_word' id='word_1_52' title='bbox 1069 747 1118 785; x_wconf 89' lang='lat' dir='ltr'>sit</span> <span class='ocrx_word' id='word_1_53' title='bbox 1148 748 1308 787; x_wconf 81' lang='lat' dir='ltr'>Orestes</span> 
     </span>
     <span class='ocr_line' id='line_1_10' title="bbox 145 811 1085 861; baseline 0 -12"><span class='ocrx_word' id='word_1_54' title='bbox 145 811 327 849; x_wconf 87' lang='lat' dir='ltr'>miraris?</span> <span class='ocrx_word' id='word_1_55' title='bbox 384 813 563 861; x_wconf 90' lang='lat' dir='ltr'>Pylades,</span> <span class='ocrx_word' id='word_1_56' title='bbox 596 814 742 859; x_wconf 84' lang='lat' dir='ltr'>Marce,</span> <span class='ocrx_word' id='word_1_57' title='bbox 774 812 938 851; x_wconf 79' lang='lat' dir='ltr'>bibebat</span> <span class='ocrx_word' id='word_1_58' title='bbox 967 812 1085 859; x_wconf 86' lang='lat' dir='ltr'>idem,</span> 
     </span>
    </p>

    <p class='ocr_par' dir='ltr' id='par_1_7' title="bbox 91 876 1092 992">
     <span class='ocr_line' id='line_1_11' title="bbox 91 876 1092 926; baseline 0 -11"><span class='ocrx_word' id='word_1_59' title='bbox 91 890 165 915; x_wconf 94' lang='lat' dir='ltr'>nec</span> <span class='ocrx_word' id='word_1_60' title='bbox 196 876 334 915; x_wconf 90' lang='lat' dir='ltr'>melior</span> <span class='ocrx_word' id='word_1_61' title='bbox 361 877 472 926; x_wconf 89' lang='lat' dir='ltr'>panis</span> <span class='ocrx_word' id='word_1_62' title='bbox 502 878 690 916; x_wconf 90' lang='lat' dir='ltr'>turdusve</span> <span class='ocrx_word' id='word_1_63' title='bbox 719 878 887 916; x_wconf 90' lang='lat' dir='ltr'>dabatur</span> <span class='ocrx_word' id='word_1_64' title='bbox 916 878 1092 924; x_wconf 87' lang='lat' dir='ltr'>Orestae,</span> 
     </span>
     <span class='ocr_line' id='line_1_12' title="bbox 145 942 1068 992; baseline 0.001 -12"><span class='ocrx_word' id='word_1_65' title='bbox 145 943 216 981; x_wconf 94' lang='lat' dir='ltr'>sed</span> <span class='ocrx_word' id='word_1_66' title='bbox 245 956 314 992; x_wconf 87' lang='lat' dir='ltr'>par</span> <span class='ocrx_word' id='word_1_67' title='bbox 341 950 461 992; x_wconf 85' lang='lat' dir='ltr'>atque</span> <span class='ocrx_word' id='word_1_68' title='bbox 490 944 631 981; x_wconf 90' lang='lat' dir='ltr'>eadem</span> <span class='ocrx_word' id='word_1_69' title='bbox 661 942 760 981; x_wconf 81' lang='lat' dir='ltr'>cena</span> <span class='ocrx_word' id='word_1_70' title='bbox 788 943 946 981; x_wconf 90' lang='lat' dir='ltr'>duobus</span> <span class='ocrx_word' id='word_1_71' title='bbox 976 950 1068 981; x_wconf 88' lang='lat' dir='ltr'>erat.</span> 
     </span>
    </p>

    <p class='ocr_par' dir='ltr' id='par_1_8' title="bbox 92 1007 1193 1123">
     <span class='ocr_line' id='line_1_13' title="bbox 92 1007 1137 1058; baseline 0.001 -13"><span class='ocrx_word' id='word_1_72' title='bbox 92 1009 155 1046; x_wconf 90' lang='lat' dir='ltr'>Tu</span> <span class='ocrx_word' id='word_1_73' title='bbox 186 1007 357 1046; x_wconf 87' lang='lat' dir='ltr'>Lucrina</span> <span class='ocrx_word' id='word_1_74' title='bbox 385 1021 508 1055; x_wconf 87' lang='lat' dir='ltr'>voras,</span> <span class='ocrx_word' id='word_1_75' title='bbox 541 1022 605 1046; x_wconf 91' lang='lat' dir='ltr'>me</span> <span class='ocrx_word' id='word_1_76' title='bbox 634 1007 758 1058; x_wconf 88' lang='lat' dir='ltr'>pascit</span> <span class='ocrx_word' id='word_1_77' title='bbox 787 1021 938 1057; x_wconf 82' lang='lat' dir='ltr'>aquosa</span> <span class='ocrx_word' id='word_1_78' title='bbox 967 1007 1137 1058; x_wconf 89' lang='lat' dir='ltr'>peloris:</span> 
     </span>
     <span class='ocr_line' id='line_1_14' title="bbox 146 1072 1193 1123; baseline 0.001 -13"><span class='ocrx_word' id='word_1_79' title='bbox 146 1086 227 1111; x_wconf 91' lang='lat' dir='ltr'>non</span> <span class='ocrx_word' id='word_1_80' title='bbox 257 1072 387 1110; x_wconf 89' lang='lat' dir='ltr'>minus</span> <span class='ocrx_word' id='word_1_81' title='bbox 417 1072 588 1123; x_wconf 90' lang='lat' dir='ltr'>ingenua</span> <span class='ocrx_word' id='word_1_82' title='bbox 616 1081 675 1111; x_wconf 91' lang='lat' dir='ltr'>est</span> <span class='ocrx_word' id='word_1_83' title='bbox 704 1081 742 1111; x_wconf 90' lang='lat' dir='ltr'>et</span> <span class='ocrx_word' id='word_1_84' title='bbox 772 1072 880 1120; x_wconf 86' lang='lat' dir='ltr'>mihi,</span> <span class='ocrx_word' id='word_1_85' title='bbox 914 1075 1062 1120; x_wconf 85' lang='lat' dir='ltr'>Marce,</span> <span class='ocrx_word' id='word_1_86' title='bbox 1092 1074 1193 1123; x_wconf 89' lang='lat' dir='ltr'>gula.</span> 
     </span>
    </p>

    <p class='ocr_par' dir='ltr' id='par_1_9' title="bbox 87 1137 1112 1253">
     <span class='ocr_line' id='line_1_15' title="bbox 87 1137 1110 1188; baseline 0 -12"><span class='ocrx_word' id='word_1_87' title='bbox 87 1145 125 1176; x_wconf 90' lang='lat' dir='ltr'>te</span> <span class='ocrx_word' id='word_1_88' title='bbox 155 1138 334 1177; x_wconf 86' lang='lat' dir='ltr'>Cadmea</span> <span class='ocrx_word' id='word_1_89' title='bbox 362 1139 498 1188; x_wconf 88' lang='lat' dir='ltr'>Tyros,</span> <span class='ocrx_word' id='word_1_90' title='bbox 531 1152 595 1177; x_wconf 91' lang='lat' dir='ltr'>me</span> <span class='ocrx_word' id='word_1_91' title='bbox 624 1138 779 1188; x_wconf 90' lang='lat' dir='ltr'>pinguis</span> <span class='ocrx_word' id='word_1_92' title='bbox 810 1137 939 1177; x_wconf 87' lang='lat' dir='ltr'>Gallia</span> <span class='ocrx_word' id='word_1_93' title='bbox 968 1138 1110 1176; x_wconf 91' lang='lat' dir='ltr'>vestit:</span> 
     </span>
     <span class='ocr_line' id='line_1_16' title="bbox 141 1202 1112 1253; baseline 0.001 -13"><span class='ocrx_word' id='word_1_94' title='bbox 141 1202 198 1241; x_wconf 87' lang='lat' dir='ltr'>vis</span> <span class='ocrx_word' id='word_1_95' title='bbox 228 1211 266 1241; x_wconf 91' lang='lat' dir='ltr'>te</span> <span class='ocrx_word' id='word_1_96' title='bbox 295 1216 547 1253; x_wconf 87' lang='lat' dir='ltr'>purpureum,</span> <span class='ocrx_word' id='word_1_97' title='bbox 581 1205 730 1250; x_wconf 89' lang='lat' dir='ltr'>Marce,</span> <span class='ocrx_word' id='word_1_98' title='bbox 762 1211 918 1253; x_wconf 85' lang='lat' dir='ltr'>sagatus</span> <span class='ocrx_word' id='word_1_99' title='bbox 947 1205 1112 1242; x_wconf 87' lang='lat' dir='ltr'>amem?</span> 
     </span>
    </p>

    <p class='ocr_par' dir='ltr' id='par_1_10' title="bbox 86 1267 1280 1381">
     <span class='ocr_line' id='line_1_17' title="bbox 86 1267 1280 1318; baseline 0 -12"><span class='ocrx_word' id='word_1_100' title='bbox 86 1275 129 1307; x_wconf 90' lang='lat' dir='ltr'>ut</span> <span class='ocrx_word' id='word_1_101' title='bbox 158 1275 352 1317; x_wconf 89' lang='lat' dir='ltr'>praestem</span> <span class='ocrx_word' id='word_1_102' title='bbox 383 1269 572 1318; x_wconf 89' lang='lat' dir='ltr'>Pyladen,</span> <span class='ocrx_word' id='word_1_103' title='bbox 602 1268 743 1318; x_wconf 87' lang='lat' dir='ltr'>aliquis</span> <span class='ocrx_word' id='word_1_104' title='bbox 773 1267 870 1306; x_wconf 90' lang='lat' dir='ltr'>mihi</span> <span class='ocrx_word' id='word_1_105' title='bbox 899 1276 1070 1318; x_wconf 91' lang='lat' dir='ltr'>praestet</span> <span class='ocrx_word' id='word_1_106' title='bbox 1100 1268 1280 1307; x_wconf 84' lang='lat' dir='ltr'>Oresten.</span> 
     </span>
     <span class='ocr_line' id='line_1_18' title="bbox 141 1333 1160 1381; baseline 0 -10"><span class='ocrx_word' id='word_1_107' title='bbox 141 1334 219 1371; x_wconf 91' lang='lat' dir='ltr'>hoc</span> <span class='ocrx_word' id='word_1_108' title='bbox 248 1347 329 1372; x_wconf 91' lang='lat' dir='ltr'>non</span> <span class='ocrx_word' id='word_1_109' title='bbox 359 1334 402 1371; x_wconf 89' lang='lat' dir='ltr'>fit</span> <span class='ocrx_word' id='word_1_110' title='bbox 430 1333 570 1381; x_wconf 76' lang='lat' dir='ltr'>verbis,</span> <span class='ocrx_word' id='word_1_111' title='bbox 604 1335 764 1372; x_wconf 87' lang='lat' dir='ltr'>Marce:</span> <span class='ocrx_word' id='word_1_112' title='bbox 804 1341 846 1372; x_wconf 91' lang='lat' dir='ltr'>ut</span> <span class='ocrx_word' id='word_1_113' title='bbox 875 1333 1028 1381; x_wconf 85' lang='lat' dir='ltr'>ameris,</span> <span class='ocrx_word' id='word_1_114' title='bbox 1061 1347 1160 1371; x_wconf 87' lang='lat' dir='ltr'>arna.</span> 
     </span>
    </p>
   </div>
   <div class='ocr_carea' id='block_1_5' title="bbox 590 1456 700 1494">
    <p class='ocr_par' dir='ltr' id='par_1_11' title="bbox 590 1456 700 1494">
     <span class='ocr_line' id='line_1_19' title="bbox 590 1456 700 1494; baseline 0.009 -1"><span class='ocrx_word' id='word_1_115' title='bbox 590 1456 700 1494; x_wconf 92' lang='lat' dir='ltr'>XIII</span> 
     </span>
    </p>
   </div>
   <div class='ocr_carea' id='block_1_6' title="bbox 86 1536 1162 2038">
    <p class='ocr_par' dir='ltr' id='par_1_12' title="bbox 87 1536 1085 1652">
     <span class='ocr_line' id='line_1_20' title="bbox 87 1536 1026 1586; baseline -0.001 -11"><span class='ocrx_word' id='word_1_116' title='bbox 87 1536 188 1586; x_wconf 88' lang='lat' dir='ltr'>Quis</span> <span class='ocrx_word' id='word_1_117' title='bbox 218 1544 256 1575; x_wconf 92' lang='lat' dir='ltr'>te</span> <span class='ocrx_word' id='word_1_118' title='bbox 286 1536 478 1575; x_wconf 89' lang='lat' dir='ltr'>Phidiaco</span> <span class='ocrx_word' id='word_1_119' title='bbox 506 1538 726 1584; x_wconf 87' lang='lat' dir='ltr'>formatam,</span> <span class='ocrx_word' id='word_1_120' title='bbox 760 1536 872 1583; x_wconf 87' lang='lat' dir='ltr'>Iulia,</span> <span class='ocrx_word' id='word_1_121' title='bbox 904 1538 1026 1583; x_wconf 88' lang='lat' dir='ltr'>caelo,</span> 
     </span>
     <span class='ocr_line' id='line_1_21' title="bbox 139 1601 1085 1652; baseline 0 -13"><span class='ocrx_word' id='word_1_122' title='bbox 139 1603 201 1641; x_wconf 82' lang='lat' dir='ltr'>vel</span> <span class='ocrx_word' id='word_1_123' title='bbox 231 1601 318 1652; x_wconf 89' lang='lat' dir='ltr'>quis</span> <span class='ocrx_word' id='word_1_124' title='bbox 349 1601 550 1641; x_wconf 88' lang='lat' dir='ltr'>Palladiae</span> <span class='ocrx_word' id='word_1_125' title='bbox 579 1616 661 1641; x_wconf 92' lang='lat' dir='ltr'>non</span> <span class='ocrx_word' id='word_1_126' title='bbox 690 1610 803 1652; x_wconf 90' lang='lat' dir='ltr'>putet</span> <span class='ocrx_word' id='word_1_127' title='bbox 832 1602 924 1640; x_wconf 90' lang='lat' dir='ltr'>artis</span> <span class='ocrx_word' id='word_1_128' title='bbox 955 1603 1085 1651; x_wconf 87' lang='lat' dir='ltr'>opus?</span> 
     </span>
    </p>

    <p class='ocr_par' dir='ltr' id='par_1_13' title="bbox 86 1664 1128 1780">
     <span class='ocr_line' id='line_1_22' title="bbox 86 1664 1128 1715; baseline -0.001 -12"><span class='ocrx_word' id='word_1_129' title='bbox 86 1664 258 1704; x_wconf 87' lang='lat' dir='ltr'>candida</span> <span class='ocrx_word' id='word_1_130' title='bbox 286 1678 367 1703; x_wconf 93' lang='lat' dir='ltr'>non</span> <span class='ocrx_word' id='word_1_131' title='bbox 397 1665 515 1703; x_wconf 85' lang='lat' dir='ltr'>tacita</span> <span class='ocrx_word' id='word_1_132' title='bbox 543 1666 759 1714; x_wconf 90' lang='lat' dir='ltr'>respondet</span> <span class='ocrx_word' id='word_1_133' title='bbox 788 1664 960 1715; x_wconf 82' lang='lat' dir='ltr'>imagine</span> <span class='ocrx_word' id='word_1_134' title='bbox 989 1665 1128 1714; x_wconf 87' lang='lat' dir='ltr'>lygdos</span> 
     </span>
     <span class='ocr_line' id='line_1_23' title="bbox 140 1729 984 1780; baseline -0.001 -12"><span class='ocrx_word' id='word_1_135' title='bbox 140 1738 179 1768; x_wconf 90' lang='lat' dir='ltr'>et</span> <span class='ocrx_word' id='word_1_136' title='bbox 207 1730 366 1780; x_wconf 91' lang='lat' dir='ltr'>placido</span> <span class='ocrx_word' id='word_1_137' title='bbox 395 1731 517 1780; x_wconf 89' lang='lat' dir='ltr'>fulget</span> <span class='ocrx_word' id='word_1_138' title='bbox 545 1729 655 1768; x_wconf 91' lang='lat' dir='ltr'>vivus</span> <span class='ocrx_word' id='word_1_139' title='bbox 685 1730 726 1768; x_wconf 93' lang='lat' dir='ltr'>in</span> <span class='ocrx_word' id='word_1_140' title='bbox 756 1743 823 1769; x_wconf 90' lang='lat' dir='ltr'>ore</span> <span class='ocrx_word' id='word_1_141' title='bbox 852 1731 984 1769; x_wconf 90' lang='lat' dir='ltr'>decor.</span> 
     </span>
    </p>

    <p class='ocr_par' dir='ltr' id='par_1_14' title="bbox 86 1795 1125 1911">
     <span class='ocr_line' id='line_1_24' title="bbox 86 1795 1125 1845; baseline -0.001 -11"><span class='ocrx_word' id='word_1_142' title='bbox 86 1795 187 1834; x_wconf 88' lang='lat' dir='ltr'>ludit</span> <span class='ocrx_word' id='word_1_143' title='bbox 216 1795 409 1842; x_wconf 87' lang='lat' dir='ltr'>Acidalio,</span> <span class='ocrx_word' id='word_1_144' title='bbox 441 1796 512 1833; x_wconf 86' lang='lat' dir='ltr'>sed</span> <span class='ocrx_word' id='word_1_145' title='bbox 541 1808 624 1833; x_wconf 93' lang='lat' dir='ltr'>non</span> <span class='ocrx_word' id='word_1_146' title='bbox 653 1808 794 1833; x_wconf 90' lang='lat' dir='ltr'>manus</span> <span class='ocrx_word' id='word_1_147' title='bbox 823 1809 972 1845; x_wconf 88' lang='lat' dir='ltr'>aspera,</span> <span class='ocrx_word' id='word_1_148' title='bbox 1005 1796 1125 1841; x_wconf 90' lang='lat' dir='ltr'>nodo,</span> 
     </span>
     <span class='ocr_line' id='line_1_25' title="bbox 140 1860 1028 1911; baseline -0.001 -12"><span class='ocrx_word' id='word_1_149' title='bbox 140 1874 260 1911; x_wconf 87' lang='lat' dir='ltr'>quem</span> <span class='ocrx_word' id='word_1_150' title='bbox 290 1860 418 1910; x_wconf 85' lang='lat' dir='ltr'>rapuit</span> <span class='ocrx_word' id='word_1_151' title='bbox 447 1862 562 1907; x_wconf 88' lang='lat' dir='ltr'>collo,</span> <span class='ocrx_word' id='word_1_152' title='bbox 594 1873 712 1910; x_wconf 89' lang='lat' dir='ltr'>parve</span> <span class='ocrx_word' id='word_1_153' title='bbox 743 1860 916 1910; x_wconf 91' lang='lat' dir='ltr'>Cupido,</span> <span class='ocrx_word' id='word_1_154' title='bbox 948 1868 1028 1898; x_wconf 90' lang='lat' dir='ltr'>tuo.</span> 
     </span>
    </p>

    <p class='ocr_par' dir='ltr' id='par_1_15' title="bbox 86 1923 1162 2038">
     <span class='ocr_line' id='line_1_26' title="bbox 86 1923 1162 1975; baseline -0.001 -12"><span class='ocrx_word' id='word_1_155' title='bbox 86 1935 130 1964; x_wconf 91' lang='lat' dir='ltr'>ut</span> <span class='ocrx_word' id='word_1_156' title='bbox 161 1925 300 1963; x_wconf 88' lang='lat' dir='ltr'>Martis</span> <span class='ocrx_word' id='word_1_157' title='bbox 329 1934 534 1964; x_wconf 90' lang='lat' dir='ltr'>revocetur</span> <span class='ocrx_word' id='word_1_158' title='bbox 561 1939 673 1963; x_wconf 91' lang='lat' dir='ltr'>amor</span> <span class='ocrx_word' id='word_1_159' title='bbox 702 1925 927 1975; x_wconf 86' lang='lat' dir='ltr'>summique</span> <span class='ocrx_word' id='word_1_160' title='bbox 956 1923 1162 1971; x_wconf 87' lang='lat' dir='ltr'>Tonantis,</span> 
     </span>
     <span class='ocr_line' id='line_1_27' title="bbox 141 1986 1028 2038; baseline -0.001 -12"><span class='ocrx_word' id='word_1_161' title='bbox 141 2001 164 2026; x_wconf 83' lang='lat' dir='ltr'>a</span> <span class='ocrx_word' id='word_1_162' title='bbox 193 1996 230 2026; x_wconf 92' lang='lat' dir='ltr'>te</span> <span class='ocrx_word' id='word_1_163' title='bbox 262 1989 365 2025; x_wconf 91' lang='lat' dir='ltr'>Iuno</span> <span class='ocrx_word' id='word_1_164' title='bbox 394 1995 502 2038; x_wconf 86' lang='lat' dir='ltr'>petat</span> <span class='ocrx_word' id='word_1_165' title='bbox 531 1995 669 2032; x_wconf 88' lang='lat' dir='ltr'>ceston</span> <span class='ocrx_word' id='word_1_166' title='bbox 699 1995 737 2025; x_wconf 92' lang='lat' dir='ltr'>et</span> <span class='ocrx_word' id='word_1_167' title='bbox 765 1986 851 2036; x_wconf 91' lang='lat' dir='ltr'>ipsa</span> <span class='ocrx_word' id='word_1_168' title='bbox 879 1989 1028 2025; x_wconf 83' lang='lat' dir='ltr'>VenuS.</span> 
     </span>
    </p>
   </div>
   <div class='ocr_carea' id='block_1_7' title="bbox 90 2089 1243 2175">
    <p class='ocr_par' dir='ltr' id='par_1_16' title="bbox 90 2089 1243 2175">
     <span class='ocr_line' id='line_1_28' title="bbox 133 2089 1243 2130; baseline -0.001 -9"><span class='ocrx_word' id='word_1_169' title='bbox 133 2101 150 2130; x_wconf 95' lang='lat'>7</span> <span class='ocrx_word' id='word_1_170' title='bbox 175 2091 258 2121; x_wconf 90' lang='lat' dir='ltr'>dicis</span> <span class='ocrx_word' id='word_1_171' title='bbox 276 2090 325 2121; x_wconf 75' lang='lat' dir='ltr'>CA</span> <span class='ocrx_word' id='word_1_172' title='bbox 464 2100 486 2129; x_wconf 90' lang='lat'>9</span> <span class='ocrx_word' id='word_1_173' title='bbox 510 2095 627 2121; x_wconf 87' lang='lat' dir='ltr'>nostro</span> <span class='ocrx_word' id='word_1_174' title='bbox 648 2089 683 2130; x_wconf 87' lang='lat' dir='ltr'>T,</span> <span class='ocrx_word' id='word_1_175' title='bbox 705 2089 792 2120; x_wconf 83' lang='lat' dir='ltr'>unde</span> <span class='ocrx_word' id='word_1_176' title='bbox 813 2089 1125 2121; x_wconf 86' lang='lat' dir='ltr'>nostro—Tonanti</span> <span class='ocrx_word' id='word_1_177' title='bbox 1149 2089 1243 2130; x_wconf 84' lang='lat' dir='ltr'>Rooy</span> 
     </span>
     <span class='ocr_line' id='line_1_29' title="bbox 90 2133 636 2175; baseline -0.004 -9"><span class='ocrx_word' id='word_1_178' title='bbox 90 2134 184 2173; x_wconf 68' lang='lat' dir='ltr'>data]</span> <span class='ocrx_word' id='word_1_179' title='bbox 203 2139 315 2165; x_wconf 84' lang='lat' dir='ltr'>taxata</span> <span class='ocrx_word' id='word_1_180' title='bbox 338 2133 386 2164; x_wconf 76' lang='lat' dir='ltr'>CA</span> <span class='ocrx_word' id='word_1_181' title='bbox 402 2134 520 2175; x_wconf 69' lang='lat' dir='ltr'>(praec.</span> <span class='ocrx_word' id='word_1_182' title='bbox 539 2134 636 2174; x_wconf 86' lang='lat' dir='ltr'>dum)</span> 
     </span>
    </p>
   </div>
   <div class='ocr_carea' id='block_1_8' title="bbox 1369 116 1427 152">
    <p class='ocr_par' dir='ltr' id='par_1_17' title="bbox 1369 116 1427 152">
     <span class='ocr_line' id='line_1_30' title="bbox 1369 116 1427 152; baseline 0.017 -1"><span class='ocrx_word' id='word_1_183' title='bbox 1369 116 1427 152; x_wconf 90' lang='lat' dir='ltr'>VI</span> 
     </span>
    </p>
   </div>
   <div class='ocr_carea' id='block_1_9' title="bbox 1391 437 1430 459">
    <p class='ocr_par' dir='ltr' id='par_1_18' title="bbox 1391 437 1430 459">
     <span class='ocr_line' id='line_1_31' title="bbox 1391 437 1430 459; baseline 0.026 -1"><span class='ocrx_word' id='word_1_184' title='bbox 1391 437 1430 459; x_wconf 94' lang='lat'>10</span> 
     </span>
    </p>
   </div>
   <div class='ocr_carea' id='block_1_10' title="bbox 1389 1349 1430 1372">
    <p class='ocr_par' dir='ltr' id='par_1_19' title="bbox 1389 1349 1430 1372">
     <span class='ocr_line' id='line_1_32' title="bbox 1389 1349 1430 1372; baseline -0.073 0"><span class='ocrx_word' id='word_1_185' title='bbox 1389 1349 1430 1372; x_wconf 91' lang='lat'>10</span> 
     </span>
    </p>
   </div>
   <div class='ocr_carea' id='block_1_11' title="bbox 1393 2100 1430 2120">
    <p class='ocr_par' dir='ltr' id='par_1_20' title="bbox 1393 2100 1430 2120">
     <span class='ocr_line' id='line_1_33' title="bbox 1393 2100 1430 2120; baseline 0 0"><span class='ocrx_word' id='word_1_186' title='bbox 1393 2100 1430 2120; x_wconf 87' lang='lat'>12</span> 
     </span>
    </p>
   </div>
   <div class='ocr_carea' id='block_1_12' title="bbox 89 2175 1430 2262">
    <p class='ocr_par' dir='ltr' id='par_1_21' title="bbox 89 2175 1430 2262">
     <span class='ocr_line' id='line_1_34' title="bbox 134 2175 1430 2218; baseline 0.001 -10"><span class='ocrx_word' id='word_1_187' title='bbox 134 2177 184 2209; x_wconf 92' lang='lat' dir='ltr'>XI</span> <span class='ocrx_word' id='word_1_188' title='bbox 208 2178 282 2209; x_wconf 71' lang='lat' dir='ltr'>hab.</span> <span class='ocrx_word' id='word_1_189' title='bbox 306 2177 336 2207; x_wconf 93' lang='lat' dir='ltr'><em>T</em></span> <span class='ocrx_word' id='word_1_190' title='bbox 443 2187 463 2216; x_wconf 86' lang='lat'><strong>3</strong></span> <span class='ocrx_word' id='word_1_191' title='bbox 486 2178 646 2208; x_wconf 85' lang='lat' dir='ltr'>turdusve</span> <span class='ocrx_word' id='word_1_192' title='bbox 663 2177 822 2218; x_wconf 83' lang='lat' dir='ltr'>dabatur]</span> <span class='ocrx_word' id='word_1_193' title='bbox 840 2178 960 2208; x_wconf 90' lang='lat' dir='ltr'>turdus</span> <span class='ocrx_word' id='word_1_194' title='bbox 975 2177 1155 2207; x_wconf 86' lang='lat' dir='ltr'>videbatur</span> <span class='ocrx_word' id='word_1_195' title='bbox 1172 2176 1232 2206; x_wconf 78' lang='grc' dir='ltr'>ΑΑ</span> <span class='ocrx_word' id='word_1_196' title='bbox 1251 2176 1341 2216; x_wconf 86' lang='lat' dir='ltr'>(cum</span> <span class='ocrx_word' id='word_1_197' title='bbox 1356 2175 1406 2209; x_wconf 51' lang='grc' dir='ltr'>Χ)</span> <span class='ocrx_word' id='word_1_198' title='bbox 1422 2188 1430 2208; x_wconf 77' lang='lat' dir='ltr'>z</span> 
     </span>
     <span class='ocr_line' id='line_1_35' title="bbox 89 2220 1429 2262; baseline -0.001 -10"><span class='ocrx_word' id='word_1_199' title='bbox 89 2222 208 2252; x_wconf 89' lang='lat' dir='ltr'>turdus</span> <span class='ocrx_word' id='word_1_200' title='bbox 223 2221 410 2252; x_wconf 85' lang='lat' dir='ltr'>vedebatur</span> <span class='ocrx_word' id='word_1_201' title='bbox 425 2225 464 2251; x_wconf 87' lang='lat' dir='ltr'>ut</span> <span class='ocrx_word' id='word_1_202' title='bbox 478 2221 542 2251; x_wconf 82' lang='lat' dir='ltr'>v&#39;id.</span> <span class='ocrx_word' id='word_1_203' title='bbox 564 2220 613 2251; x_wconf 77' lang='lat' dir='ltr'>CA</span> <span class='ocrx_word' id='word_1_204' title='bbox 632 2220 714 2262; x_wconf 85' lang='lat' dir='ltr'>(non</span> <span class='ocrx_word' id='word_1_205' title='bbox 730 2220 763 2250; x_wconf 85' lang='lat' dir='ltr'><em>A</em></span> <span class='ocrx_word' id='word_1_206' title='bbox 770 2223 780 2259; x_wconf 86' lang='lat'><em>)</em></span> <span class='ocrx_word' id='word_1_207' title='bbox 916 2231 933 2260; x_wconf 92' lang='lat'>7</span> <span class='ocrx_word' id='word_1_208' title='bbox 958 2231 1002 2251; x_wconf 89' lang='lat' dir='ltr'>ne</span> <span class='ocrx_word' id='word_1_209' title='bbox 1018 2231 1045 2251; x_wconf 89' lang='lat' dir='ltr'>c.</span> <span class='ocrx_word' id='word_1_210' title='bbox 1064 2225 1087 2251; x_wconf 93' lang='lat' dir='ltr'>t.</span> <span class='ocrx_word' id='word_1_211' title='bbox 1107 2231 1184 2251; x_wconf 89' lang='lat' dir='ltr'>mea</span> <span class='ocrx_word' id='word_1_212' title='bbox 1200 2220 1324 2259; x_wconf 86' lang='lat' dir='ltr'>pingus</span> <span class='ocrx_word' id='word_1_213' title='bbox 1341 2221 1429 2259; x_wconf 88' lang='lat' dir='ltr'>galla</span> 
     </span>
    </p>
   </div>
   <div class='ocr_carea' id='block_1_13' title="bbox 89 2263 1259 2304">
    <p class='ocr_par' dir='ltr' id='par_1_22' title="bbox 89 2263 1259 2304">
     <span class='ocr_line' id='line_1_36' title="bbox 89 2263 1259 2304; baseline -0.002 -8"><span class='ocrx_word' id='word_1_214' title='bbox 89 2270 188 2297; x_wconf 89' lang='lat' dir='ltr'>ueste</span> <span class='ocrx_word' id='word_1_215' title='bbox 207 2264 238 2295; x_wconf 92' lang='lat' dir='ltr'><em>T</em></span> <span class='ocrx_word' id='word_1_216' title='bbox 373 2274 412 2295; x_wconf 91' lang='lat'>10</span> <span class='ocrx_word' id='word_1_217' title='bbox 436 2275 504 2295; x_wconf 90' lang='lat' dir='ltr'>non</span> <span class='ocrx_word' id='word_1_218' title='bbox 523 2265 581 2296; x_wconf 89' lang='lat' dir='ltr'>fiat</span> <span class='ocrx_word' id='word_1_219' title='bbox 597 2264 719 2303; x_wconf 85' lang='lat' dir='ltr'>verbis,</span> <span class='ocrx_word' id='word_1_220' title='bbox 735 2274 802 2295; x_wconf 87' lang='lat' dir='ltr'>om.</span> <span class='ocrx_word' id='word_1_221' title='bbox 823 2264 888 2294; x_wconf 93' lang='lat' dir='ltr'>hoc</span> <span class='ocrx_word' id='word_1_222' title='bbox 903 2264 933 2302; x_wconf 77' lang='lat' dir='ltr'><em>Q</em></span> <span class='ocrx_word' id='word_1_223' title='bbox 1021 2264 1113 2304; x_wconf 80' lang='lat' dir='ltr'>ama]</span> <span class='ocrx_word' id='word_1_224' title='bbox 1131 2274 1207 2294; x_wconf 85' lang='lat' dir='ltr'>ame</span> <span class='ocrx_word' id='word_1_225' title='bbox 1229 2263 1259 2294; x_wconf 88' lang='lat' dir='ltr'><em>T</em></span> 
     </span>
    </p>
   </div>
   <div class='ocr_carea' id='block_1_14' title="bbox 89 2306 1426 2391">
    <p class='ocr_par' dir='ltr' id='par_1_23' title="bbox 89 2306 1426 2391">
     <span class='ocr_line' id='line_1_37' title="bbox 133 2306 1425 2348; baseline -0.001 -10"><span class='ocrx_word' id='word_1_226' title='bbox 133 2308 219 2339; x_wconf 90' lang='lat' dir='ltr'>XIII</span> <span class='ocrx_word' id='word_1_227' title='bbox 249 2318 262 2338; x_wconf 96' lang='lat'>1</span> <span class='ocrx_word' id='word_1_228' title='bbox 290 2308 445 2338; x_wconf 83' lang='lat' dir='ltr'>formauit</span> <span class='ocrx_word' id='word_1_229' title='bbox 462 2308 518 2337; x_wconf 78' lang='grc' dir='ltr'>ΒΑ</span> <span class='ocrx_word' id='word_1_230' title='bbox 624 2318 644 2347; x_wconf 88' lang='grc'>3</span> <span class='ocrx_word' id='word_1_231' title='bbox 667 2308 783 2338; x_wconf 89' lang='lat' dir='ltr'>tacitat</span> <span class='ocrx_word' id='word_1_232' title='bbox 801 2307 850 2338; x_wconf 67' lang='lat' dir='ltr'>CA</span> <span class='ocrx_word' id='word_1_233' title='bbox 867 2312 904 2338; x_wconf 86' lang='lat' dir='ltr'>ut</span> <span class='ocrx_word' id='word_1_234' title='bbox 918 2307 983 2339; x_wconf 80' lang='lat' dir='ltr'>vid.</span> <span class='ocrx_word' id='word_1_235' title='bbox 1004 2308 1134 2348; x_wconf 83' lang='lat' dir='ltr'>(tacitat</span> <span class='ocrx_word' id='word_1_236' title='bbox 1149 2307 1183 2337; x_wconf 87' lang='grc' dir='ltr'><em>Ε</em></span> <span class='ocrx_word' id='word_1_237' title='bbox 1187 2306 1212 2345; x_wconf 80' lang='lat'>¹,</span> <span class='ocrx_word' id='word_1_238' title='bbox 1230 2311 1332 2337; x_wconf 82' lang='lat' dir='ltr'>tactat</span> <span class='ocrx_word' id='word_1_239' title='bbox 1347 2306 1425 2345; x_wconf 87' lang='lat' dir='ltr'>XB,</span> 
     </span>
     <span class='ocr_line' id='line_1_38' title="bbox 89 2350 1426 2391; baseline -0.001 -8"><span class='ocrx_word' id='word_1_240' title='bbox 89 2356 177 2383; x_wconf 85' lang='lat' dir='ltr'>tacta</span> <span class='ocrx_word' id='word_1_241' title='bbox 193 2350 302 2389; x_wconf 84' lang='lat' dir='ltr'>ACG,</span> <span class='ocrx_word' id='word_1_242' title='bbox 320 2351 422 2382; x_wconf 84' lang='lat' dir='ltr'>tacita</span> <span class='ocrx_word' id='word_1_243' title='bbox 436 2351 498 2390; x_wconf 46' lang='grc' dir='ltr'>ΕΖ)</span> <span class='ocrx_word' id='word_1_244' title='bbox 596 2352 774 2391; x_wconf 88' lang='lat' dir='ltr'>respondit</span> <span class='ocrx_word' id='word_1_245' title='bbox 788 2351 844 2381; x_wconf 82' lang='lat' dir='ltr'>BA</span> <span class='ocrx_word' id='word_1_246' title='bbox 988 2362 1007 2389; x_wconf 90' lang='lat'>4</span> <span class='ocrx_word' id='word_1_247' title='bbox 1033 2352 1135 2382; x_wconf 87' lang='lat' dir='ltr'>decor</span> <span class='ocrx_word' id='word_1_248' title='bbox 1149 2351 1206 2381; x_wconf 74' lang='lat' dir='ltr'>BA</span> <span class='ocrx_word' id='word_1_249' title='bbox 1221 2362 1228 2381; x_wconf 71' lang='grc' dir='ltr'><strong><em>ε</em></strong></span> <span class='ocrx_word' id='word_1_250' title='bbox 1250 2350 1362 2390; x_wconf 86' lang='lat' dir='ltr'>liquor</span> <span class='ocrx_word' id='word_1_251' title='bbox 1377 2350 1426 2381; x_wconf 67' lang='lat' dir='ltr'>CA</span> 
     </span>
    </p>
   </div>
   <div class='ocr_carea' id='block_1_15' title="bbox 89 2394 1351 2482">
    <p class='ocr_par' dir='ltr' id='par_1_24' title="bbox 89 2394 1351 2482">
     <span class='ocr_line' id='line_1_39' title="bbox 89 2394 1351 2434; baseline -0.001 -9"><span class='ocrx_word' id='word_1_252' title='bbox 89 2405 109 2434; x_wconf 89' lang='lat'>5</span> <span class='ocrx_word' id='word_1_253' title='bbox 133 2396 224 2426; x_wconf 87' lang='lat' dir='ltr'>nudo</span> <span class='ocrx_word' id='word_1_254' title='bbox 241 2395 296 2425; x_wconf 65' lang='lat' dir='ltr'>BA</span> <span class='ocrx_word' id='word_1_255' title='bbox 445 2405 461 2434; x_wconf 87' lang='lat'><strong>7</strong></span> <span class='ocrx_word' id='word_1_256' title='bbox 488 2399 676 2426; x_wconf 87' lang='lat' dir='ltr'>renouetur</span> <span class='ocrx_word' id='word_1_257' title='bbox 690 2394 746 2425; x_wconf 70' lang='lat' dir='ltr'>BA</span> <span class='ocrx_word' id='word_1_258' title='bbox 762 2407 770 2426; x_wconf 72' lang='grc' dir='ltr'>ε</span> <span class='ocrx_word' id='word_1_259' title='bbox 794 2399 976 2425; x_wconf 83' lang='lat' dir='ltr'>reuocetur</span> <span class='ocrx_word' id='word_1_260' title='bbox 993 2394 1042 2425; x_wconf 71' lang='lat' dir='ltr'>CA</span> <span class='ocrx_word' id='word_1_261' title='bbox 1173 2395 1193 2425; x_wconf 93' lang='lat'>8</span> <span class='ocrx_word' id='word_1_262' title='bbox 1210 2404 1278 2425; x_wconf 91' lang='lat' dir='ltr'>uno</span> <span class='ocrx_word' id='word_1_263' title='bbox 1294 2394 1351 2424; x_wconf 73' lang='lat' dir='ltr'>BA</span> 
     </span>
     <span class='ocr_line' id='line_1_40' title="bbox 132 2450 1341 2482; baseline -0.002 -1"><span class='ocrx_word' id='word_1_264' title='bbox 132 2459 239 2481; x_wconf 82' lang='lat' dir='ltr'>MART.</span> <span class='ocrx_word' id='word_1_265' title='bbox 258 2460 312 2480; x_wconf 71' lang='grc' dir='ltr'>ΕΡ.</span> <span class='ocrx_word' id='word_1_266' title='bbox 333 2459 382 2482; x_wconf 87' lang='lat' dir='ltr'>se.</span> <span class='ocrx_word' id='word_1_267' title='bbox 402 2459 459 2481; x_wconf 77' lang='lat' dir='ltr'>Er).</span> <span class='ocrx_word' id='word_1_268' title='bbox 1321 2450 1341 2479; x_wconf 84' lang='lat'>9</span> 
     </span>
    </p>
   </div>
  </div>
 </body>
</html>
