1648 2729
210 171 267 207 M.
299 170 422 207 VAL.
454 170 771 208 MARTIALIS

710 283 825 319 XLV

208 346 248 385 Si
278 346 375 396 quid
403 348 492 385 lene
522 346 599 385 mei
629 346 768 385 dicunt
798 355 836 385 et
865 348 982 385 dulce
1012 347 1143 395 libelli,

261 412 293 450 si
322 411 418 462 quid
448 412 711 451 honorificum
740 412 884 463 pagina
912 413 1059 451 blanda
1088 422 1212 461 sonat,

207 479 283 516 hoc
314 486 355 516 tu
384 477 530 528 pingue
559 485 673 528 putas
704 486 742 516 et
771 485 922 516 costam
952 480 1091 518 rodere
1121 479 1256 526 mavis,

260 543 325 581 ilia
355 543 561 582 Laurentis
591 557 682 581 cum
713 543 784 581 tibi
813 544 954 582 demus
982 544 1077 594 apri.

207 608 400 647 Vaticana
428 608 553 656 bibas,
585 607 617 646 si
646 607 852 647 delectaris
881 616 1019 647 aceto:
1524 632 1540 661 5

260 687 341 712 non
371 674 464 712 facit
491 675 543 712 ad
573 675 823 712 stomachum
853 682 987 712 nostra
1015 675 1159 724 lagona
1187 682 1311 713 tuum.

702 762 838 799 XLVI

207 826 354 865 Omnia
382 826 439 865 vis
469 826 583 874 belle,
616 827 769 873 Matho,
803 826 943 865 dicere.
1004 826 1081 865 Dic
1109 826 1324 877 aliquando

259 899 298 930 et
327 892 454 940 bene,
493 891 557 930 dic
587 899 770 930 neutrum
785 906 796 940 3
834 891 899 930 dic
927 891 1144 942 aliquando
1173 893 1287 931 male.

689 980 847 1017 XLVII

312 1044 446 1083 Vitam
476 1058 578 1094 quae
606 1044 751 1082 faciant
780 1044 1008 1092 beatiorem,

312 1109 596 1148 iucundissime
627 1109 830 1157 Martialis,
862 1111 960 1148 haec
989 1118 1106 1148 sunt:

312 1189 371 1214 res
401 1189 483 1213 non
512 1183 623 1225 parta
650 1175 785 1213 labore
815 1176 885 1213 sed
914 1174 1072 1223 relicta,

311 1254 392 1279 non
422 1240 595 1290 ingratus
623 1253 724 1290 ager,
755 1241 867 1278 focus
896 1239 1107 1290 perennis,

311 1305 356 1344 lis
386 1319 616 1355 numquam,
648 1313 739 1355 toga
767 1319 861 1352 rara,
894 1319 1005 1344 mens
1035 1304 1191 1356 quieta,
1518 1320 1536 1353 5

310 1371 410 1409 vires
438 1370 644 1421 ingenuae,
676 1370 830 1408 salubre
859 1383 1002 1420 corpus
1016 1385 1026 1418 ,·

310 1437 484 1486 prudens
513 1435 753 1486 simplicitas,
784 1449 896 1485 pares
924 1435 1041 1474 amici
1055 1450 1074 1483 3v

310 1501 514 1539 convictus
543 1500 678 1548 facilis,
710 1500 793 1539 sine
822 1508 903 1539 arte
933 1514 1092 1548 mensa,

310 1580 388 1605 nox
418 1580 499 1604 non
529 1566 636 1604 ebria
666 1567 735 1604 sed
766 1567 893 1604 soluta
923 1566 1053 1614 curis3

310 1645 390 1670 non
420 1631 537 1669 tristis
566 1638 673 1669 torus
703 1639 741 1669 et
770 1639 903 1670 tamen
933 1631 1125 1682 pudicus,
1498 1646 1537 1669 10

309 1710 472 1735 somnus
502 1696 570 1746 qui
599 1695 715 1734 faciat
744 1697 882 1735 breves
912 1696 1119 1735 tenebras:

310 1763 419 1812 quod
448 1761 499 1799 sis
530 1775 615 1800 esse
644 1760 740 1799 velis
771 1761 949 1811 nihilque
979 1761 1091 1799 malis
1106 1776 1116 1809 ,·

309 1840 509 1865 summum
539 1840 613 1865 nec
644 1834 795 1865 metuas
825 1826 932 1865 diem
962 1840 1036 1865 nec
1065 1834 1190 1877 optes.

675 1910 858 1947 XLVIII

201 1974 367 2012 Nuntiat
397 1981 575 2013 octavam
608 1973 772 2012 Phariae
801 1987 872 2012 sua
900 1973 1014 2012 turba
1042 1972 1241 2019 iuvencae,

253 2047 290 2077 et
320 2039 440 2089 pilata
468 2039 569 2078 redit
597 2038 756 2089 iamque
785 2038 971 2089 subitque
1000 2040 1151 2077 cohors.

242 2142 337 2173 XLV
359 2143 433 2173 lzab.
460 2142 489 2172 T
576 2154 590 2174 1
616 2153 705 2183 pene
730 2142 779 2173 CA
868 2142 949 2172 mihi
971 2142 1001 2172 T
1104 2151 1124 2180 3
1147 2142 1212 2172 hoc
1227 2141 1363 2181 linguae
1378 2142 1462 2182 (om.
1479 2142 1529 2181 tu)

200 2186 249 2216 CA
267 2187 346 2225 (Rhoe
363 2186 501 2225 elingue
521 2186 564 2226 C)
648 2186 737 2216 maui
756 2185 804 2216 CA
908 2197 928 2224 4
953 2186 1009 2216 illa
1026 2185 1172 2216 laurenti
1191 2195 1265 2216 cum
1282 2185 1306 2215 ti
1326 2185 1391 2226 (vel
1402 2184 1478 2225 tibi)
1497 2186 1528 2217 d.

199 2229 247 2260 CA
381 2229 490 2260 XLVI
506 2230 579 2262 hab.
598 2229 632 2259 R
770 2229 899 2260 XLVII
917 2240 967 2260 vv.
990 2239 1061 2267 1-2,
1079 2229 1255 2268 5—13hab.
1278 2228 1308 2258 T
1372 2238 1386 2259 1
1404 2228 1531 2260 faciant

197 2272 325 2304 AACA:
349 2273 476 2303 faciunt
488 2273 542 2303 BA
632 2273 806 2304 beatorum
826 2272 945 2312 T<[pro
958 2273 1145 2304 beatiorum
1159 2273 1184 2312 3)
1201 2283 1209 2303 ε
1231 2272 1462 2303 iocundiorem
1475 2271 1530 2302 ΒΑ

198 2317 249 2357 (cf
269 2327 298 2347 v.
321 2317 354 2350 2)
371 2328 378 2347 :
403 2317 588 2347 beatiorem
608 2317 658 2347 CA
769 2325 788 2355 5
813 2316 947 2356 quietas
969 2316 998 2346 T
1105 2326 1144 2347 10
1167 2321 1262 2347 torus
1277 2321 1330 2346 set
1347 2315 1398 2346 CA
1413 2319 1451 2346 ut
1465 2315 1528 2348 vid.

198 2366 234 2397 kt·
256 2361 317 2390 sed
333 2360 395 2389 EA
413 2371 419 2391 :
439 2365 459 2391 t.
480 2365 514 2391 et
531 2359 584 2400 X)
689 2370 726 2390 12
751 2360 848 2390 malis
860 2360 991 2391 AACA:
1018 2359 1124 2390 malus
1143 2360 1186 2401 (L
1202 2370 1209 2390 ε
1233 2359 1342 2398 -lisf)
1359 2358 1410 2389 vel
1422 2359 1528 2390 maius

196 2403 289 2443 (ΡΩ)
308 2403 362 2433 ΒΑ
477 2414 515 2443 13
541 2403 690 2444 metuas]
710 2408 784 2434 tuas
803 2403 832 2434 T
846 2406 925 2443 (pro
942 2414 994 2434 me
1012 2408 1087 2433 tuas
1100 2405 1123 2440 2)
1302 2402 1450 2433 XLVIII
1474 2413 1526 2434 vv.

197 2456 290 2486 7-14‚
315 2457 417 2486 17-24
434 2447 507 2478 hab.
534 2447 563 2478 T
650 2457 663 2477 1
690 2451 800 2477 turum
819 2446 868 2477 CA
1010 2457 1029 2477 2
1054 2447 1141 2477 redit
1159 2446 1224 2477 iam
1241 2446 1412 2485 subiitque
1428 2445 1527 2485 Palegy
