1648 2729
195 144 250 181 M.
283 143 405 180 VAL.
439 142 752 180 MARTIALIS

194 261 353 303 pectore
383 267 456 291 nec
486 254 596 291 nudo
626 252 781 292 strictos
811 252 975 291 incurris
1005 252 1044 291 in
1075 252 1191 300 ensis,

248 320 357 369 quod
386 318 526 356 fecisse
555 318 671 356 velim
703 326 752 365 te,
786 318 974 366 Deciane‚
1005 318 1110 356 facis.

194 385 288 422 nolo
317 384 441 422 virum
471 382 575 421 facili
603 383 769 422 redemit
798 383 866 432 qui
895 383 1084 432 sanguine
1113 384 1270 430 famam,
1508 401 1525 432 5

248 450 354 487 hunc
384 450 485 496 volo,
517 448 667 486 laudari
696 448 763 498 qui
793 447 877 486 sine
907 456 1032 486 morte
1061 455 1202 498 potest.

750 548 809 584 IX

197 619 329 656 Bellus
360 619 481 656 homo
511 625 549 655 et
579 631 744 667 magnus
773 617 830 656 vis
860 617 979 664 idem,
1012 618 1140 664 Cotta,
1172 616 1320 655 videri:

250 684 319 722 sed
349 682 417 732 qui
447 683 572 720 bellus
602 684 724 721 homo
754 690 822 729 est,
856 683 984 729 Cotta,
1016 682 1180 732 pusillus
1211 683 1332 720 homo
1362 689 1431 719 est.

764 782 803 817 X

199 852 300 890 Petit
331 853 533 890 Gemellus
564 851 719 902 nuptias
752 850 986 889 Maronillae

197 926 235 956 et
265 917 372 967 cupit
402 925 439 955 et
469 916 586 954 instat
617 924 655 954 et
684 923 864 966 precatur
893 923 931 953 et
961 917 1095 954 donat.

198 984 367 1021 Adeone
396 983 560 1032 pulchra
589 983 679 1020 est?
736 983 868 1019 Immo
898 979 1053 1018 foedius
1083 980 1137 1017 nil
1167 988 1237 1018 est.

199 1047 308 1096 Quid
338 1061 429 1097 ergo
459 1047 498 1084 in
529 1047 594 1085 illa
622 1046 767 1096 petitur
796 1053 834 1084 et
864 1047 1021 1096 placet?
1069 1045 1218 1083 Tussit.

752 1146 811 1183 XI

200 1218 302 1256 Cum
333 1218 425 1255 data
453 1216 530 1254 sint
560 1215 680 1265 equiti
711 1215 771 1254 bis
800 1214 921 1264 quina
950 1213 1197 1261 nomismata,
1230 1227 1349 1264 quare

255 1281 313 1320 bis
343 1281 474 1320 decies
504 1282 622 1328 solus,
654 1280 877 1327 Sextiliane,
910 1279 1041 1318 bibis?

199 1348 276 1385 iarn
307 1346 515 1385 defecisset
545 1345 735 1396 portantis
765 1346 878 1384 calda
908 1344 1116 1391 ministros,

254 1412 285 1450 si
315 1426 396 1450 non
426 1420 593 1462 potares,
625 1410 847 1458 Sextiliane‚
880 1424 1044 1448 merum.

739 1511 822 1548 XII

205 1581 288 1617 Itur
316 1581 367 1617 ad
399 1580 587 1619 Herculei
617 1580 765 1630 gelidas
795 1593 874 1629 qua
903 1579 1061 1617 Tiburis
1090 1592 1198 1617 arces

255 1658 433 1694 canaque
463 1645 682 1695 sulphureis
712 1646 859 1683 Albula
887 1646 1011 1682 fumat
1040 1644 1163 1694 aquis,

202 1723 289 1747 rura
318 1723 537 1760 nemusque
567 1723 720 1748 sacrun]
751 1710 974 1759 dilectaque
1003 1709 1135 1759 iugera
1166 1708 1293 1747 Musis

256 1774 382 1824 signat
411 1775 540 1813 vicina
568 1783 728 1824 quartus
757 1775 808 1813 ab
838 1775 934 1813 urbe
963 1774 1071 1824 lapis.

203 1838 267 1876 hic
296 1839 403 1877 rudis
432 1840 597 1878 aestivas
628 1840 849 1889 praestabat
879 1839 1051 1889 porticus
1081 1839 1252 1886 umbras,

258 1905 335 1942 heu
365 1918 484 1954 quam
514 1918 639 1955 paene
669 1918 816 1943 novum
847 1904 1020 1955 porticus
1049 1918 1144 1942 ausa
1172 1905 1304 1942 nefas!

205 1982 295 2006 nam
326 1969 457 2008 subito
488 1971 675 2019 conlapsa
704 1970 789 2017 ruit,
821 1983 912 2008 cum
943 1971 1047 2008 mole
1077 1969 1150 2007 sub
1180 1969 1245 2007 illa

257 2041 429 2083 gestatus
460 2034 600 2084 biiugis
632 2036 807 2091 Regulus
837 2042 939 2073 esset
969 2030 1092 2084 equis}

250 2137 333 2167 VIII
359 2146 377 2175 5
402 2137 489 2168 sacili
506 2138 614 2167 uirum
635 2138 683 2168 CA
1106 2137 1156 2167 IX
1171 2137 1243 2168 hab.
1266 2136 1297 2166 R

249 2181 280 2211 X
305 2181 376 2212 hab.
402 2181 432 2211 T
505 2191 517 2210 r
545 2181 708 2220 gemellus
724 2181 862 2211 AABA:
888 2181 1052 2220 gemellus
1070 2185 1234 2212 uenustus
1253 2180 1302 2211 CA
1319 2179 1368 2218 (iu
1385 2180 1536 2211 lemmate

204 2235 248 2255 DE
266 2234 425 2255 GEMELLO
442 2225 521 2255 AA:
539 2234 582 2254 DE
598 2234 753 2254 VENVSTO
767 2224 887 2264 ΒΑΕΔ»
978 2236 997 2263 4
1016 2225 1141 2263 petitur
1152 2223 1278 2254 AACA:
1295 2223 1466 2263 appetitur
1481 2223 1536 2254 ΒΑ

248 2268 296 2298 ΧΙ
322 2268 393 2299 hab.
419 2268 448 2297 T
578 2278 590 2297 1
618 2268 719 2306 quina
735 2267 868 2298 AACA:
892 2268 970 2298 bina
985 2268 1039 2298 ΒΑ

248 2311 315 2342 XII
340 2311 411 2342 hab.
446 2311 475 2341 T
603 2321 615 2340 1
646 2311 731 2350 Itur]
759 2310 853 2340 Intus
878 2311 906 2340 T
948 2312 1123 2342 herculeas
1147 2310 1248 2350 gelidi
1273 2310 1355 2340 AA:
1386 2309 1534 2340 herculei

205 2356 335 2395 gelidas
352 2355 460 2386 ΒΑΕΑ
554 2364 652 2394 quam
677 2355 705 2384 T
718 2358 790 2394 &pro
806 2356 886 2395 qua>
1014 2366 1033 2393 4
1058 2355 1186 2385 uicinas
1208 2354 1238 2384 T
1358 2363 1377 2392 5
1402 2353 1536 2384 umbras

205 2399 338 2429 AACA:
361 2409 459 2430 auras
476 2398 531 2428 ΒΑ
