1648 2729
201 151 259 189 M.
289 151 413 187 VAL.
445 151 760 189 MARTIALIS

309 261 504 300 Octobres
535 263 650 300 Maro
679 262 922 301 consecravit
951 265 1060 302 Idus.

310 327 406 365 Idus
436 340 554 377 saepe
583 329 689 365 colas
718 335 757 366 et
781 329 851 366 has
881 336 919 367 et
947 327 1043 376 illas,

307 391 375 441 qui
404 391 535 442 magni
565 393 739 431 celebras
769 393 947 432 Maronis
977 395 1085 433 Idus.
1514 413 1530 444 5

665 543 846 580 LXVIII

200 629 398 668 Matutine
427 629 560 676 cliens,
592 628 698 667 urbis
729 629 826 667 mihi
855 643 974 668 causa
1001 630 1169 678 relictae,

251 694 357 742 atria,
389 695 421 733 si
450 694 589 745 sapias,
621 694 831 733 ambitiosa
859 696 976 734 colas.

197 774 279 798 non
308 773 395 797 sum
426 774 498 810 ego
528 759 749 798 causidicus
779 773 853 799 nec
882 759 1022 798 amaris
1051 760 1185 799 litibus
1213 769 1328 812 aptus

251 826 322 863 sed
351 824 459 875 piger
487 832 526 863 et
555 824 686 863 senior
715 824 997 875 Pieridumque
1026 839 1160 864 comes
1175 840 1186 874 3

197 890 277 928 otia
306 903 369 928 me
398 903 642 940 somnusque
670 889 816 937 iuvant,
849 904 950 940 quae
980 904 1123 941 magna
1150 891 1307 942 negavit
1513 909 1529 939 5

253 956 383 994 Roma
413 955 533 993 mihi:
571 957 702 1002 redeo,
736 955 768 994 si
797 955 976 1006 vigilatur
1004 963 1043 994 et
1071 955 1146 995 hic.

684 1105 820 1142 LXIX

306 1193 369 1231 Sic
398 1200 599 1243 tamquam
631 1193 784 1231 tabulas
814 1194 1075 1243 scyphosque,
1108 1194 1240 1241 Paule,

305 1271 444 1296 omnes
473 1259 706 1308 archetypos
735 1257 858 1296 habes
887 1257 1048 1296 amicos.

703 1414 814 1450 LXX

198 1500 338 1539 Lintea
366 1502 481 1539 ferret
510 1503 620 1551 Apro
648 1499 774 1538 vatius
804 1513 895 1538 cum
925 1502 1086 1538 vernula
1115 1513 1240 1551 nuper

251 1574 289 1604 et
319 1579 435 1616 supra
464 1567 638 1615 togulam
667 1567 776 1603 lusca
805 1566 959 1603 sederet
987 1578 1086 1603 anus

196 1639 315 1681 atque
345 1630 421 1669 olei
451 1631 594 1669 stillam
625 1631 735 1669 daret
765 1629 1048 1668 enterocelicus
1079 1638 1232 1677 unctor,

251 1698 420 1734 udorum
451 1696 610 1734 tetricus
640 1709 781 1734 censor
809 1703 848 1733 et
876 1708 991 1745 asper
1019 1702 1127 1733 erat:

196 1762 433 1811 frangendos
463 1761 604 1800 calices
634 1761 1000 1810 effundendumque
1030 1761 1241 1798 Falernum
1516 1775 1533 1806 5

250 1826 447 1864 clamabat
477 1826 629 1864 biberet
658 1826 767 1875 quod
797 1826 919 1863 modo
948 1826 1052 1863 lotus
1082 1838 1214 1874 eques.

197 1894 232 1929 A
263 1905 356 1930 sene
382 1893 452 1930 sed
481 1899 693 1941 postquam
722 1898 862 1940 patruo
890 1903 1033 1929 venere
1062 1897 1248 1936 trecenta,

251 1956 406 1995 sobrius
435 1969 458 1994 a
487 1955 649 1994 thermis
678 1955 804 1993 nescit
833 1954 940 1993 abire
969 1956 1147 1993 domum.

198 2023 233 2060 O
264 2029 456 2071 quantum
488 2021 653 2059 diatreta
679 2022 812 2058 valent
841 2027 880 2058 et
909 2019 1086 2070 quinque
1115 2019 1286 2058 comati!

251 2095 356 2133 tunc,
388 2100 479 2124 cum
509 2100 658 2136 pauper
687 2093 778 2132 erat,
810 2099 891 2123 non
921 2084 1077 2123 sitiebat
1106 2087 1223 2135 Aper.
1493 2100 1532 2122 10

242 2191 369 2221 LXVII
395 2200 414 2229 5
440 2200 562 2228 magna
581 2190 629 2220 CA
891 2188 1037 2219 LXVIII
1062 2189 1134 2219 lzab.
1171 2187 1202 2218 T
1286 2197 1306 2226 3
1330 2187 1490 2218 caudicus
1507 2186 1537 2216 T

197 2235 322 2265 amoris
341 2234 390 2265 CA
409 2236 490 2273 (non
505 2234 553 2265 Al
654 2243 672 2272 5
697 2233 839 2271 negauit
865 2233 995 2263 AABA:
1030 2233 1172 2270 negauis
1190 2231 1271 2272 (-bis
1288 2230 1339 2270 X)
1358 2230 1408 2262 CA
1510 2231 1532 2260 6

197 2279 258 2308 hec
283 2278 312 2308 T
495 2277 591 2307 LXX
615 2287 635 2316 3
659 2277 755 2307 deret
780 2275 1032 2315 enteropelicus
1059 2275 1108 2306 CA
1197 2286 1217 2313 4
1243 2273 1532 2314 udorumLipsius

197 2326 226 2351 ct
240 2321 400 2351 Heinsius
415 2320 555 2351 Advers.
568 2326 602 2361 p.
627 2330 667 2360 97
688 2331 694 2350 :
719 2321 886 2350 nudorum
905 2319 993 2349 codd.
1111 2320 1132 2348 6
1155 2318 1304 2359 biberet]
1323 2318 1464 2348 hiberos
1482 2316 1531 2347 CA

198 2366 252 2405 qui
270 2364 348 2395 BA:
372 2365 461 2403 quod
482 2364 531 2396 CA
664 2374 681 2403 7
706 2363 736 2394 A
759 2374 823 2393 ont.
846 2363 900 2392 ΒΑ
999 2368 1118 2402 patruo
1134 2372 1200 2393 om.
1225 2362 1274 2393 CA
1415 2371 1436 2400 9
1459 2361 1530 2391 dia-

198 2409 278 2439 trita
294 2408 348 2438 ΒΑ
