1648 2729
766 117 1237 157 EPIGRAMMATON
1269 119 1372 156 LIB.
1407 119 1441 154 V

103 239 141 270 et
171 234 272 271 male
302 239 483 282 receptus
512 232 635 270 altero
663 244 768 281 genu
798 229 916 269 iactat
1403 246 1442 268 10

102 298 224 348 equiti
254 299 391 337 sedere
421 299 616 347 Le‘l'toque
645 310 686 335 se
716 304 827 335 stare.

622 414 701 450 XV

102 495 275 545 Quintus
306 503 529 534 nostrorum
560 494 659 533 liber
688 501 757 542 est,
789 497 979 544 Auguste,
1012 493 1190 532 iocorum

154 568 193 600 et
222 561 397 611 queritur
426 562 554 599 laesus
584 560 758 599 carmine
788 573 907 598 nemo
938 573 1038 606 meo,

99 627 245 676 gaudet
274 627 469 665 honorato
499 627 569 664 sed
599 627 746 664 multus
776 624 939 664 nomine
968 626 1103 672 lector,

154 691 216 730 cui
248 691 398 730 victura
428 704 518 730 meo
549 704 712 730 munere
742 692 846 729 fama
875 692 1001 729 datur.

103 756 235 806 ‘Quid
265 764 398 796 tamen
426 758 524 795 haec
551 764 716 807 prosunt
743 756 923 807 quamvis
949 755 1176 794 venerantia
1202 756 1399 793 multos?'
1423 772 1439 802 5

155 824 248 861 Non
278 823 430 874 prosint
459 836 564 870 sane,
597 837 661 861 me
691 830 823 861 tamen
853 822 926 861 ista
955 821 1100 860 iuvant.

613 940 712 977 XVI

100 1020 207 1059 Seria
236 1033 327 1059 cum
358 1020 518 1071 possim,
551 1022 660 1071 quod
690 1019 928 1059 delectantia
959 1021 1064 1058 malo

153 1085 333 1134 scribere,
367 1094 407 1125 tu
438 1100 556 1125 causa
585 1100 637 1133 es,
670 1088 793 1124 lector
821 1085 959 1134 amice,
992 1085 1099 1132 mihi,

99 1151 167 1201 qui
196 1151 291 1202 legis
321 1160 360 1191 et
390 1160 472 1191 tota
501 1160 637 1191 cantas
667 1166 756 1190 mea
786 1151 961 1190 carmina
992 1154 1146 1190 Roma:

153 1219 223 1256 sed
254 1218 382 1257 nescis
412 1218 550 1268 quanti
581 1226 655 1257 stet
686 1218 783 1256 mihi
813 1217 899 1256 talis
929 1231 1051 1256 amor.

98 1297 190 1322 nam
221 1283 252 1322 si
282 1283 443 1322 falciferi
474 1285 689 1323 defendere
719 1285 867 1334 templa
896 1283 1091 1322 Tonantis
1421 1300 1437 1329 5

151 1348 408 1399 sollicitisque
438 1349 555 1388 velim
585 1350 756 1388 vendere
785 1350 904 1387 verba
933 1348 1018 1396 reis,

98 1414 289 1464 plurimus
322 1414 524 1465 Hispanas
554 1414 683 1453 mittet
713 1414 809 1452 mihi
840 1422 959 1452 nauta
990 1421 1175 1452 metretas

152 1487 190 1518 et
220 1481 286 1518 fiet
315 1480 421 1518 vario
452 1480 635 1519 sordidus
664 1493 753 1518 aere
783 1480 902 1518 sinus.

97 1552 136 1583 at
166 1559 272 1584 nunc
302 1545 468 1584 conviva
498 1553 556 1584 est
585 1545 899 1595 comissatorque
928 1545 1084 1584 libellus

151 1617 190 1649 et
219 1618 373 1649 tantum
403 1611 520 1661 gratis
549 1610 692 1662 pagina
722 1619 855 1649 nostra
884 1613 1024 1661 placet.
1402 1625 1440 1648 10

98 1677 168 1714 sed
198 1689 279 1715 non
310 1683 348 1715 et
377 1684 527 1715 veteres
557 1677 735 1715 contenti
765 1678 883 1715 laude
913 1678 1082 1723 fuerunt,

152 1755 243 1780 cum
276 1741 484 1780 minimum
514 1741 592 1780 vati
623 1756 768 1782 munus
798 1742 931 1781 Alexis
962 1749 1053 1780 erat.

100 1808 254 1845 ‘Belle'
284 1807 414 1858 inquis
444 1807 589 1846 ‘dixtiz
620 1808 713 1847 satis
743 1816 781 1847 et
811 1807 1062 1846 laudabimus
1092 1809 1242 1857 usque.'

152 1872 422 1912 Dissimulas?
456 1873 575 1912 facies
606 1887 680 1921 me,
712 1881 821 1925 puto,
853 1873 1109 1912 causidicum.

141 1978 225 2008 XIV
253 1987 289 2008 11
316 1979 437 2009 sedere
454 1978 592 2009 Scriver.
607 1990 613 2010 ε
638 1988 676 2009 se
693 1979 819 2009 dedere
837 1979 928 2009 codd.
1018 1978 1159 2018 letoque
1176 1978 1230 2008 ΒΑ

140 2022 207 2052 XV
223 2021 296 2053 hab.
322 2021 352 2051 T
439 2033 451 2053 1
475 2023 624 2053 locorum
642 2022 750 2053 BACA
769 2027 813 2054 ul.
833 2023 898 2054 vid.
988 2032 1008 2061 3
1033 2023 1202 2053 honorato
1219 2047 1226 2052 .
1247 2047 1253 2053 .
1274 2047 1279 2053 .
1300 2021 1437 2052 nomine

96 2065 175 2098 AA:
210 2066 398 2096 honoratus
416 2090 423 2097 .
446 2091 452 2097 .
473 2091 480 2097 .
499 2066 638 2097 nomine
663 2066 738 2098 BA:
765 2068 934 2097 honorato
951 2090 958 2098 .
980 2092 987 2098 .
1005 2091 1012 2098 .
1033 2067 1184 2097 carmine
1207 2065 1255 2096 CA
1279 2066 1332 2105 (cf.
1349 2077 1377 2096 v.
1398 2077 1434 2103 2;

96 2109 248 2149 m‘sz'fort.
268 2121 336 2141 var.
363 2111 426 2141 lect.
444 2111 545 2151 antiq.
575 2111 764 2142 honoratus
790 2111 851 2141 sed
870 2110 975 2141 multo
993 2110 1158 2150 carmine)
1281 2119 1300 2148 5
1326 2109 1438 2140 multis

95 2153 228 2185 AACA:
269 2153 393 2184 multos
408 2154 463 2184 ΒΑ
552 2156 574 2184 6
597 2154 730 2194 prosint
740 2154 854 2185 AACA
870 2166 877 2185 :
901 2158 1046 2193 prosunt
1063 2154 1118 2184 ΒΑ

140 2197 221 2228 XVI
246 2197 319 2229 hab.
343 2197 374 2228 T
437 2208 457 2228 2
482 2208 601 2229 causas
619 2198 654 2239 (i.
663 2210 685 2229 e.
704 2198 870 2238 causa’sl)
889 2198 910 2229 l.
927 2198 982 2228 BA
1050 2200 1071 2228 6
1094 2196 1248 2229 sollicitis
1265 2196 1366 2227 uelim
1382 2196 1435 2226 ΒΑ

98 2240 177 2280 (]’)νο
193 2241 278 2272 -isve
294 2252 346 2272 ve.
361 2241 386 2281 2)
477 2243 497 2272 8
522 2242 595 2273 fieri
612 2252 640 2273 v.
659 2243 815 2273 sordibus
832 2242 924 2283 (-dus
940 2241 992 2281 A)
1008 2241 1056 2272 CA
1145 2252 1166 2281 9
1189 2241 1437 2279 miseratorque

97 2285 154 2323 (ex
169 2284 433 2324 miseratusque)
457 2285 502 2316 T:
528 2286 777 2327 comisatorque
790 2286 839 2317 CA
926 2286 1049 2316 libellis
1067 2285 1115 2316 CA
1230 2294 1269 2314 12
1294 2284 1435 2315 nimium

95 2328 150 2358 BA
301 2339 340 2368 13
363 2329 453 2359 velle
474 2330 524 2360 CA
542 2331 576 2363 (i.
590 2340 613 2362 e.
644 2331 748 2371 belle)
839 2329 947 2369 inquit
962 2329 1070 2359 BACA
1160 2328 1232 2359 dixi
1249 2331 1287 2358 ut
1301 2328 1362 2359 vzd.
1390 2328 1436 2359 T:

96 2372 176 2402 dicti
194 2372 242 2403 CA
341 2373 434 2404 iuuat
452 2378 486 2404 et
502 2373 582 2405 AA:
609 2375 691 2405 satis
708 2379 761 2405 est
776 2374 851 2406 BA:
877 2373 959 2404 satis
979 2373 1027 2404 CA
1125 2372 1338 2403 laudabimus
1355 2372 1414 2401 ΑΑ
1429 2383 1435 2401 1

95 2415 308 2446 laudabimur
319 2416 393 2450 BA:
420 2428 508 2449 -mus
528 2417 666 2460 <EXG2)
685 2419 735 2450 vel
746 2428 837 2449 -mur
854 2418 901 2459 <A
911 2415 1058 2456 VBCG1)
1078 2416 1126 2447 CA
