1648 2729
179 150 236 187 M.
269 150 392 188 VAL.
425 150 739 188 MARTIALIS

681 262 795 299 XLV

182 337 300 375 Edita
329 350 379 376 ne
409 337 592 376 brevibus
621 345 754 388 pereat
784 336 881 376 mihi
910 350 1003 376 cura
1030 337 1184 385 libellis,

234 401 387 441 dicatur
415 402 546 452 potius
576 405 649 442 Τὸν
678 403 707 442 δ’
736 404 1046 453 ἀπαμειβόμενος.

655 507 814 545 XLVII

182 583 320 633 Nuper
348 590 429 621 erat
458 582 649 630 medicus,
680 596 787 621 nunc
817 590 874 621 est
902 582 1058 633 vispillo
1088 582 1280 622 Diaulus:

236 648 345 698 quod
373 647 528 698 vispillo
556 647 659 695 facit,
691 649 834 686 fecerat
863 656 901 687 et
930 649 1121 687 medicus.

645 759 829 796 XLVIII

185 827 365 866 Rictibus
395 827 455 866 his
485 835 616 867 tauros
646 841 727 867 non
757 828 934 878 eripuere
964 827 1149 879 magistri,

236 906 305 944 per
334 906 434 943 quos
463 894 609 943 praeda
637 895 752 943 fugax
781 893 890 943 itque
919 893 1099 943 reditque
1128 895 1240 943 lepus
1256 908 1265 940 ;

185 959 374 1008 quodque
402 957 525 1008 magis
556 957 709 1005 mirum,
741 958 914 997 velocior
943 958 1020 997 exit
1049 959 1101 997 ab
1131 959 1245 997 hoste

238 1036 312 1061 nec
342 1022 438 1060 nihil
467 1036 490 1061 a
519 1030 627 1062 tanta
656 1023 862 1062 nobilitate
891 1025 1016 1062 refert.

185 1088 304 1127 tutior
332 1088 371 1126 in
401 1089 485 1126 sola
513 1101 594 1127 non
625 1096 682 1127 est
711 1102 802 1127 cum
833 1088 950 1127 currit
980 1090 1136 1135 harena,
1499 1104 1515 1135 5

239 1166 312 1192 nec
342 1166 461 1192 cavea
489 1161 597 1191 tanta
626 1153 810 1192 conditur
837 1153 902 1192 ille
931 1155 1020 1192 fide.

186 1218 224 1257 Si
253 1218 374 1257 vitare
403 1231 546 1257 canum
576 1231 740 1266 morsus,
772 1220 884 1268 lepus
914 1218 1091 1269 inprobe,
1123 1217 1289 1269 quaeris,

238 1285 289 1322 ad
319 1296 421 1334 quae
450 1283 652 1334 confugias
682 1297 749 1322 ora
777 1283 903 1322 leonis
932 1284 1066 1323 habes.

670 1396 807 1432 XLIX

188 1465 257 1502 Vir
286 1464 494 1504 Celtiberis
524 1478 604 1504 non
635 1466 803 1504 tacende
832 1464 1016 1515 gentibus

241 1537 477 1579 nostraeque
505 1531 589 1568 laus
621 1530 852 1579 Hispaniae,

187 1593 340 1632 videbis
368 1595 499 1641 altam,
532 1594 745 1641 Liciniane,
780 1594 952 1641 Bilbilin,

241 1659 352 1709 equis
382 1667 420 1697 et
448 1658 565 1697 armis
594 1659 780 1706 nobilem,

189 1737 405 1773 senemque
435 1724 576 1763 Caium
607 1724 774 1772 nivibus,
806 1732 844 1764 et
875 1724 1004 1763 fractis
1034 1737 1187 1763 sacrum
1502 1742 1518 1771 5

245 1790 546 1828 Vadaveronem
577 1790 790 1836 montibus,

190 1861 227 1892 et
256 1853 414 1892 delicati
443 1855 559 1892 dulce
591 1854 753 1893 Boterdi
783 1868 933 1902 nemus,

244 1920 423 1957 Pomona
453 1919 561 1968 quod
591 1919 681 1957 felix
709 1928 826 1958 amat.

189 1983 312 2034 tepidi
341 1983 494 2022 natabis
524 1985 612 2022 lene
641 1985 823 2035 Congedi
851 1986 998 2023 vadum

245 2049 464 2098 mollesque
493 2049 768 2098 Nympharum
798 2052 916 2096 lacus,
1482 2065 1522 2087 ιο

235 2151 363 2182 XLVII
389 2150 461 2182 hab.
485 2151 516 2182 R
651 2162 665 2182 1
691 2151 746 2191 qui
764 2152 873 2183 suerat
889 2152 1040 2183 medicus
1055 2151 1152 2183 Paul.
1172 2151 1256 2183 Fest.
1272 2157 1308 2193 p.
1325 2153 1391 2192 369
1408 2150 1459 2184 M.

235 2194 381 2226 XLVIII
406 2195 479 2226 hab.
500 2194 530 2225 T
613 2205 632 2234 3
657 2195 862 2227 uelociterL
950 2208 969 2234 4
994 2196 1105 2226 eAA:
1130 2206 1149 2226 a
1165 2195 1274 2227 ΒΑΕΔ
1361 2198 1383 2226 6
1405 2200 1524 2227 caueat

198 2239 243 2269 T:
268 2249 395 2269 caueae
411 2239 468 2269 ΒΑ
485 2239 575 2278 (cum
592 2238 637 2278 E)
760 2249 776 2277 7
802 2249 934 2270 morsus
950 2239 1063 2270 AACA
1079 2250 1087 2270 ι
1110 2249 1256 2270 morsum
1272 2238 1328 2269 BA

237 2282 353 2313 XLIX
377 2292 396 2321 5
419 2282 638 2322 sterilemque
654 2281 709 2312 ΒΛ
724 2294 731 2313 t
753 2292 937 2322 senemque
957 2283 1007 2313 CA
1095 2283 1211 2313 Caium
1229 2282 1322 2314 Voss.
1337 2281 1385 2313 ad
1397 2280 1522 2313 Melam

193 2326 238 2357 iii.
262 2336 271 2356 1
289 2338 295 2357 ε
331 2327 460 2356 caluum
479 2325 534 2355 ΒΑ
553 2326 579 2366 (1
592 2326 694 2366 proj)
711 2337 718 2356 :
749 2331 857 2356 catum
877 2326 927 2357 CA
945 2326 985 2366 (T
997 2331 1060 2366 pro
1077 2325 1106 2364 I)
1200 2331 1233 2357 et
1249 2325 1365 2357 fractis
1381 2326 1523 2357 Iunius:

192 2369 337 2400 effractis
361 2369 449 2400 codd.
585 2379 601 2408 7
627 2369 728 2400 boleti
753 2369 801 2399 CA
931 2379 952 2408 9
974 2380 1042 2409 sqq.
1071 2380 1143 2400 nov.
1168 2370 1266 2410 eprgrr.
1296 2370 1331 2400 in
1360 2369 1452 2401 codd.
1477 2379 1524 2400 An

195 2421 303 2442 Lmvm
322 2415 357 2452 (51ss
379 2425 384 2443 :
413 2422 491 2443 corr.
509 2411 584 2444 Ital.
716 2423 737 2452 9
762 2411 875 2452 tepida
893 2412 942 2443 CA
1034 2413 1201 2452 congendi
1217 2413 1272 2443 ΒΑ
