1648 2729
203 153 258 190 M.
290 153 413 190 VAL.
446 152 761 190 MARTIALIS

589 264 724 302 XLVI
755 262 951 315 (ΧΙΝΠ)

203 338 382 378 Difficilis
411 339 549 388 facilis,
577 339 775 379 iucundus
803 340 969 378 acerbus
998 352 1039 377 es
1068 337 1198 377 idem:

256 418 329 443 nec
358 412 490 443 tecum
520 418 683 455 possum
711 404 841 444 vivere
870 418 944 443 nee
973 404 1057 443 sine
1087 412 1135 443 te.

579 522 739 559 XLVII
775 520 945 573 (XLVI)

311 598 502 636 Vendunt
531 597 706 636 carmina
735 599 872 636 Gallus
902 605 940 636 et
970 599 1184 647 Lupercus.

311 677 439 710 sanos,
472 663 657 711 classice,
689 676 797 702 nunc
826 676 926 713 nega
955 670 1104 713 poetas.

672 774 855 810 XLVIII

205 851 365 888 Boletos
395 857 433 888 et
462 863 599 900 aprum
631 848 662 887 si
691 856 894 899 tamquam
924 848 1016 887 vilia
1043 847 1158 899 ponis

257 922 295 954 et
323 928 405 954 non
435 928 521 953 esse
550 922 664 964 putas
694 915 793 952 haee
822 927 911 952 mea
939 921 1040 960 vota,
1072 915 1189 952 volo:

203 979 234 1018 si
263 981 507 1018 fortunatum
537 979 619 1017 fieri
649 992 713 1017 me
742 978 869 1017 credis
898 986 937 1017 et
966 980 1078 1017 heres

256 1045 313 1083 vis
343 1044 460 1083 scribi
489 1052 648 1095 propter
677 1043 853 1094 quinque
884 1043 1064 1090 Lucrina,
1096 1044 1192 1082 vale.

205 1113 330 1149 Lauta
358 1118 491 1148 tamen
522 1123 621 1148 cena
649 1117 730 1148 est:
769 1111 904 1156 fateor,
936 1108 1163 1156 lautissima,
1197 1109 1268 1147 sed
1297 1122 1380 1148 cras
1522 1125 1539 1157 5

257 1176 311 1214 nil
341 1175 423 1223 erit,
454 1175 578 1213 immo
607 1175 739 1222 hodie,
770 1174 949 1225 protinus
979 1174 1103 1213 immo
1132 1174 1244 1223 nihil,

204 1241 313 1291 quod
342 1240 439 1279 sciat
468 1239 602 1278 infelix
631 1241 843 1279 damnatae
872 1253 1048 1290 spongea
1076 1239 1206 1289 virgae

257 1307 319 1345 vel
348 1306 591 1356 quicumque
620 1306 728 1344 canis
758 1305 972 1355 iunctaque
1001 1312 1102 1343 testa
1129 1305 1239 1343 viae:

205 1373 416 1410 mullorum
447 1373 707 1422 leporumque
737 1379 774 1410 et
804 1371 970 1410 suminis
1001 1370 1126 1409 exitus
1156 1370 1222 1410 hic
1252 1378 1322 1417 est,

257 1438 573 1487 sulphureusque
603 1439 712 1475 color
740 1436 1024 1487 carnificesque
1052 1437 1187 1486 pedes.
1503 1451 1542 1473 10

206 1503 299 1540 Non
330 1503 487 1540 Albana
516 1501 613 1540 mihi
643 1502 691 1540 sit
721 1501 948 1541 comissatio
978 1501 1077 1539 tanti

258 1581 332 1606 nee
362 1567 611 1617 Capitolinae
640 1567 957 1618 pontificumque
987 1568 1110 1617 dapes
1126 1581 1136 1614 3

204 1633 358 1683 inputet
387 1632 470 1682 ipse
500 1634 598 1671 deus
628 1640 763 1671 nectar
792 1632 900 1680 mihi,
932 1634 998 1671 fiet
1027 1639 1184 1671 acetum

259 1705 296 1736 et
325 1697 507 1736 Vaticani
537 1699 687 1748 perfida
716 1711 844 1748 vappa
872 1697 971 1736 cadi.

205 1762 402 1802 Convivas
432 1762 529 1801 alios
560 1776 745 1801 cenarum
776 1776 920 1812 quaere
950 1761 1134 1811 magister
1503 1776 1540 1807 15

259 1841 359 1878 quos
389 1828 545 1878 capiant
575 1841 736 1866 mensae
766 1841 884 1877 regna
912 1827 1083 1877 superba
1111 1833 1224 1865 tuae:

206 1911 269 1936 me
299 1911 410 1936 meus
439 1899 490 1936 ad
520 1898 669 1937 subitas
699 1898 836 1937 invitet
865 1898 1016 1936 amicus
1046 1898 1205 1936 ofellas:

259 1964 356 2001 haec
386 1962 483 2000 mihi
513 1977 631 2013 quam
661 1977 824 2014 possum
854 1964 1019 2002 reddere
1048 1976 1146 2001 cena
1174 1963 1314 2012 placet.

250 2065 360 2096 XLVI
385 2066 458 2099 hab.
486 2067 516 2097 T
646 2077 660 2097 1
687 2072 721 2097 et
746 2068 855 2098 isdem
891 2066 921 2096 T
942 2066 987 2106 (ct
1001 2066 1086 2106 sort.
1110 2066 1186 2106 ΑΛ)
1206 2077 1225 2097 εμ
1246 2065 1375 2095 eisdem
1399 2064 1480 2094 BA:
1505 2073 1542 2094 es

204 2111 293 2140 idem
321 2110 370 2140 CA
634 2110 763 2141 XLVII
789 2121 854 2140 om.
878 2109 926 2140 CA

249 2153 397 2183 XLVIII
421 2164 469 2185 vv.
492 2155 562 2193 ῐν6,
583 2165 680 2193 9—10‚
701 2155 805 2193 13-18
829 2154 903 2184 hab.
931 2153 961 2184 T
1073 2163 1087 2182 1
1115 2156 1149 2183 et
1172 2162 1236 2183 om.
1259 2151 1308 2182 CA
1397 2151 1425 2180 si
1440 2150 1540 2182 ltal.:

204 2197 251 2227 sie
267 2197 406 2228 ΑΑΒΑε
429 2208 492 2228 om.
521 2197 569 2227 CA
700 2209 718 2227 2
745 2198 824 2228 nolo
842 2197 940 2239 (EA)
965 2196 1015 2227 vel
1028 2197 1106 2227 uolo
1126 2195 1194 2236 (X)
1216 2194 1264 2226 CA
1394 2195 1416 2224 6
1439 2195 1540 2225 immo

205 2240 305 2270 hodie
323 2240 334 2281 ]
354 2242 386 2270 in
406 2242 517 2271 medio
539 2241 566 2271 T
582 2241 714 2281 (etfort.
731 2242 805 2280 ΑΛ)
1000 2250 1017 2279 7
1043 2241 1223 2270 damnatae
1239 2238 1316 2269 BA:
1343 2238 1465 2268 damna
1492 2238 1540 2269 C*

206 2284 323 2322 uirgae
344 2284 417 2315 BA:
443 2286 540 2324 uirga
560 2284 607 2315 CA
776 2286 795 2315 8
821 2295 882 2315 nec
898 2284 975 2314 BA:
999 2283 1055 2313 uel
1076 2284 1123 2314 CA
1303 2291 1339 2312 11
1366 2281 1539 2312 comisatio

206 2329 323 2365 (·esa-‘›
345 2328 392 2358 CA
551 2338 587 2366 13
613 2328 670 2358 fiat
686 2328 748 2366 ΡΩ
890 2337 926 2366 15
954 2328 1128 2366 magistros
1144 2326 1278 2357 AACA:
1302 2325 1462 2363 magister
1484 2324 1540 2355 ΒΑ

208 2372 246 2400 16
271 2370 380 2410 capiat
399 2372 448 2402 CA
527 2372 673 2411 superba
689 2371 826 2402 AABA:
851 2371 997 2410 superbe
1017 2370 1065 2401 CA
1176 2380 1213 2409 17
1239 2379 1282 2400 m.
1304 2379 1346 2399 m.
1367 2369 1387 2399 i.
1407 2368 1538 2400 subitus

205 2415 247 2445 ad
265 2425 328 2446 am.
347 2425 377 2446 o.
411 2415 440 2445 T
