1648 2729
172 128 226 164 M.
260 127 384 164 VAL.
417 128 731 166 MARTIALIS

170 247 332 277 octavus
361 239 522 290 ligulam
552 240 658 279 misit
687 248 864 279 sextante
895 241 1115 290 minoremg

224 318 353 342 nonus
382 318 455 343 acu
485 305 608 344 levius
637 305 699 343 vix
728 308 905 345 cocleare
935 307 1032 345 tulit.
1467 324 1508 346 10

171 371 279 419 quod
310 369 438 408 mittat
468 371 583 409 nobis
614 372 807 410 decumus
837 372 915 410 iam
945 386 1026 410 non
1056 373 1177 411 habet
1205 382 1333 411 annus
1352 384 1371 408 :⁷

224 444 408 485 quattuor
436 437 487 474 ad
517 437 645 483 libras,
679 437 948 485 Postumiane‚
978 437 1072 476 redi.

648 575 807 612 LXXII

279 656 472 693 Nondum
503 655 650 693 murice
680 658 807 694 cultus
837 670 1056 706 asperoque

280 733 413 758 morsu
443 720 610 770 pumicis
640 720 739 759 aridi
768 721 913 771 politus

279 787 482 823 Arcanum
512 799 699 836 properas
729 786 851 836 sequi,
883 787 1026 834 libelle,

279 864 399 900 quem
428 851 691 901 pulcherrima
720 851 798 890 iam
827 852 953 890 redire
983 852 1131 900 Narbo,

279 916 388 954 docti
417 917 554 955 Narbo
585 919 753 955 Paterna
781 917 952 965 Votieni,
1488 935 1506 966 5

279 983 331 1020 ad
359 983 464 1032 leges
494 982 603 1021 iubet
631 996 866 1032 annuosque
894 984 1043 1021 fasces:

279 1046 379 1084 votis
409 1048 518 1096 quod
547 1047 706 1097 paribus
736 1047 807 1085 tibi
836 1049 1054 1097 petendum
1084 1055 1153 1093 est,

279 1111 482 1161 continget
510 1113 621 1150 locus
650 1112 714 1151 ille
744 1120 782 1150 et
811 1112 876 1151 hic
904 1112 1065 1151 amicus.

280 1177 412 1225 Quam
441 1179 583 1215 vellem
613 1177 695 1215 fieri
725 1191 836 1216 meus
865 1177 1046 1216 libellus!

640 1317 823 1354 LXXIII

173 1396 322 1443 Istanti‚
355 1410 435 1446 quo
464 1411 539 1436 nec
568 1397 754 1436 sincerior
782 1399 879 1436 alter
907 1398 1074 1437 habetur

225 1470 384 1512 pectore
412 1476 487 1501 nec
516 1463 629 1501 nivea
658 1463 908 1513 simplicitate
936 1463 1051 1514 prior,

171 1526 202 1564 si
233 1528 325 1565 dare
354 1527 411 1566 vis
441 1536 597 1566 nostrae
625 1529 724 1567 vires
753 1529 988 1579 animosque
1016 1528 1182 1566 Thaliae

225 1601 263 1630 et
292 1592 440 1631 victura
468 1593 569 1643 petis
599 1594 782 1641 carmina,
815 1595 866 1632 da
895 1595 1004 1644 quod
1037 1607 1179 1632 amem.

173 1658 344 1706 Cynthia
373 1666 411 1696 te
440 1666 570 1697 vatem
599 1659 701 1706 fecit,
733 1659 877 1699 lascive
907 1658 1110 1709 Properti3
1421 1698 1426 1699 ⁷
1486 1675 1504 1706 5

225 1722 427 1773 ingenium
458 1723 561 1762 Galli
590 1725 754 1774 pulchra
783 1724 944 1774 Lycoris
976 1732 1082 1771 erat3

170 1789 274 1826 fama
304 1796 362 1826 est
390 1789 514 1838 arguti
548 1789 727 1828 Nemesis
756 1791 957 1828 formonsa
985 1788 1158 1836 Tibulli;

226 1853 371 1891 Lesbia
400 1853 573 1901 dictavit,
605 1855 722 1893 docte
753 1856 920 1903 Catulle,
951 1854 1050 1893 tibi:

172 1931 251 1956 non
283 1931 346 1956 me
375 1919 551 1969 Paeligni
580 1933 654 1958 nec
684 1928 840 1970 spernet
871 1922 1039 1959 Mantua
1066 1927 1209 1966 vatem,

225 1983 256 2021 si
287 1997 364 2034 qua
394 1984 569 2024 Corinna
599 1985 705 2032 mihi,
737 1985 770 2024 si
799 1985 886 2036 quis
915 1985 1049 2024 Alexis
1079 1985 1160 2024 erit.
1465 2000 1506 2023 10

217 2087 332 2117 LXXI
361 2098 400 2118 10
422 2088 575 2119 aculeole
592 2089 643 2119 sui
661 2100 689 2120 c.
708 2089 759 2120 CA
776 2089 878 2129 (unde
892 2089 1063 2121 aculeolae
1080 2099 1140 2120 seu
1158 2099 1185 2121 e.
1208 2088 1331 2128 XCG)

216 2131 348 2161 LXXII
374 2142 394 2170 3
418 2132 614 2162 Archanum
635 2133 692 2163 ΒΑ
713 2134 803 2173 (cum
827 2132 880 2173 X)
1013 2144 1033 2172 4
1058 2133 1171 2164 ridere
1189 2132 1245 2163 ΒΑ
1390 2141 1410 2171 5
1434 2132 1506 2163 uoti

172 2174 260 2204 enim
279 2174 329 2205 CA
447 2177 466 2206 8
492 2176 568 2206 hinc
589 2176 639 2206 CA

218 2218 368 2248 LXXIII
397 2229 411 2249 1
439 2219 569 2250 Instani
588 2219 644 2250 BA
659 2231 665 2251 :
683 2219 783 2251 Stant
801 2219 852 2251 CA
869 2220 918 2260 (cf
937 2220 984 2251 ad
997 2220 1034 2259 L,
1055 2219 1111 2261 21)
1254 2230 1273 2250 2
1298 2219 1398 2250 uinea
1414 2218 1443 2249 L
1461 2217 1507 2258 (et

162 2261 243 2299 fort.
260 2261 329 2300 BA]
344 2261 414 2292 EX
426 2263 556 2302 (asom.
574 2263 637 2303 CA)
743 2274 762 2303 3
787 2264 1000 2303 animumque
1015 2263 1093 2294 BA:
1117 2264 1316 2303 animosque
1334 2262 1385 2293 CA
1485 2273 1505 2300 4

173 2305 214 2335 da
231 2316 296 2336 om.
323 2305 373 2336 CA
492 2316 579 2344 5-10
603 2317 728 2337 novum
744 2313 842 2348 eptgr.
864 2307 914 2338 CA
1031 2317 1050 2346 5
1074 2308 1198 2338 lasciua
1214 2306 1290 2338 BA:
1311 2306 1439 2338 lasciue
1456 2304 1506 2336 CA

173 2349 356 2387 propertim
376 2347 426 2379 CA
441 2353 478 2379 ut
493 2350 555 2380 vid.
711 2362 732 2389 9
756 2351 882 2391 peligni
899 2355 938 2381 ut
950 2351 1014 2381 vtd.
1034 2350 1121 2382 codd.
1212 2350 1342 2390 spernit
1357 2349 1413 2380 BA
1430 2350 1506 2390 (pro

172 2394 282 2432 -net2)
392 2402 431 2422 10
455 2398 524 2423 erat
542 2397 578 2423 ut
598 2393 662 2425 vid.
678 2394 734 2424 ΒΑ
1230 2423 1232 2425 ,
1468 2423 1472 2425 t
