<?xml version="1.0" encoding="UTF-8"?>
<!DOCTYPE html PUBLIC "-//W3C//DTD XHTML 1.0 Transitional//EN"
    "http://www.w3.org/TR/xhtml1/DTD/xhtml1-transitional.dtd">
<html xmlns="http://www.w3.org/1999/xhtml" xml:lang="en" lang="en">
 <head>
  <title>
</title>
<meta http-equiv="Content-Type" content="text/html;charset=utf-8" />
  <meta name='ocr-system' content='tesseract 3.04.00' />
  <meta name='ocr-capabilities' content='ocr_page ocr_carea ocr_par ocr_line ocrx_word'/>
</head>
<body>
  <div class='ocr_page' id='page_1' title='image "./epigrammatasele00martuoft_0105.png"; bbox 0 0 1648 2729; ppageno 0'>
   <div class='ocr_carea' id='block_1_1' title="bbox 733 118 1430 159">
    <p class='ocr_par' dir='ltr' id='par_1_1' title="bbox 733 118 1430 159">
     <span class='ocr_line' id='line_1_1' title="bbox 733 118 1430 159; baseline 0.001 -3"><span class='ocrx_word' id='word_1_1' title='bbox 733 118 1203 159; x_wconf 90' lang='lat' dir='ltr'><strong>EPIGRAMMATON</strong></span> <span class='ocrx_word' id='word_1_2' title='bbox 1235 121 1336 158; x_wconf 93' lang='lat' dir='ltr'>LIB.</span> <span class='ocrx_word' id='word_1_3' title='bbox 1370 121 1430 158; x_wconf 91' lang='lat' dir='ltr'>IV</span> 
     </span>
    </p>
   </div>
   <div class='ocr_carea' id='block_1_2' title="bbox 95 228 1026 346">
    <p class='ocr_par' dir='ltr' id='par_1_2' title="bbox 95 228 1026 346">
     <span class='ocr_line' id='line_1_2' title="bbox 95 228 1026 279; baseline 0.002 -13"><span class='ocrx_word' id='word_1_4' title='bbox 95 240 196 277; x_wconf 89' lang='lat' dir='ltr'>quae</span> <span class='ocrx_word' id='word_1_5' title='bbox 226 228 322 266; x_wconf 90' lang='lat' dir='ltr'>dum</span> <span class='ocrx_word' id='word_1_6' title='bbox 353 228 514 266; x_wconf 89' lang='lat' dir='ltr'>miratur</span> <span class='ocrx_word' id='word_1_7' title='bbox 542 228 678 279; x_wconf 85' lang='lat' dir='ltr'>pingui</span> <span class='ocrx_word' id='word_1_8' title='bbox 707 242 749 268; x_wconf 92' lang='lat' dir='ltr'>se</span> <span class='ocrx_word' id='word_1_9' title='bbox 778 242 864 268; x_wconf 91' lang='lat' dir='ltr'>rore</span> <span class='ocrx_word' id='word_1_10' title='bbox 893 229 1026 278; x_wconf 89' lang='lat' dir='ltr'>teneri,</span> 
     </span>
     <span class='ocr_line' id='line_1_3' title="bbox 148 293 958 346; baseline 0.002 -15"><span class='ocrx_word' id='word_1_11' title='bbox 148 300 335 331; x_wconf 90' lang='lat' dir='ltr'>concreto</span> <span class='ocrx_word' id='word_1_12' title='bbox 364 293 479 344; x_wconf 82' lang='lat' dir='ltr'>riguit</span> <span class='ocrx_word' id='word_1_13' title='bbox 508 293 639 332; x_wconf 89' lang='lat' dir='ltr'>vincta</span> <span class='ocrx_word' id='word_1_14' title='bbox 668 302 829 344; x_wconf 91' lang='lat' dir='ltr'>repente</span> <span class='ocrx_word' id='word_1_15' title='bbox 857 297 958 346; x_wconf 84' lang='lat' dir='ltr'>gelu.</span> 
     </span>
    </p>
   </div>
   <div class='ocr_carea' id='block_1_3' title="bbox 96 357 1427 539">
    <p class='ocr_par' dir='ltr' id='par_1_3' title="bbox 96 357 1427 539">
     <span class='ocr_line' id='line_1_4' title="bbox 96 357 1427 411; baseline 0.003 -15"><span class='ocrx_word' id='word_1_16' title='bbox 96 359 157 396; x_wconf 92' lang='lat' dir='ltr'>Ne</span> <span class='ocrx_word' id='word_1_17' title='bbox 186 357 258 396; x_wconf 90' lang='lat' dir='ltr'>tibi</span> <span class='ocrx_word' id='word_1_18' title='bbox 286 357 404 408; x_wconf 87' lang='lat' dir='ltr'>regali</span> <span class='ocrx_word' id='word_1_19' title='bbox 433 360 600 408; x_wconf 82' lang='lat' dir='ltr'>placeas,</span> <span class='ocrx_word' id='word_1_20' title='bbox 632 360 854 410; x_wconf 83' lang='lat' dir='ltr'>Cleopatra,</span> <span class='ocrx_word' id='word_1_21' title='bbox 886 362 1106 411; x_wconf 89' lang='lat' dir='ltr'>sepulchro,</span> <span class='ocrx_word' id='word_1_22' title='bbox 1411 378 1427 408; x_wconf 99' lang='lat'>5</span> 
     </span>
     <span class='ocr_line' id='line_1_5' title="bbox 147 422 886 473; baseline 0.003 -12"><span class='ocrx_word' id='word_1_23' title='bbox 147 422 280 473; x_wconf 89' lang='lat' dir='ltr'>vipera</span> <span class='ocrx_word' id='word_1_24' title='bbox 309 423 340 461; x_wconf 87' lang='lat' dir='ltr'>si</span> <span class='ocrx_word' id='word_1_25' title='bbox 370 426 524 463; x_wconf 89' lang='lat' dir='ltr'>tumulo</span> <span class='ocrx_word' id='word_1_26' title='bbox 553 424 747 463; x_wconf 84' lang='lat' dir='ltr'>nobiliore</span> <span class='ocrx_word' id='word_1_27' title='bbox 775 425 886 464; x_wconf 86' lang='lat' dir='ltr'>iacet.</span> 
     </span>
     <span class='ocr_line' id='line_1_6' title="bbox 616 502 689 539; baseline -0.014 0"><span class='ocrx_word' id='word_1_28' title='bbox 616 502 689 539; x_wconf 95' lang='lat' dir='ltr'>LX</span> 
     </span>
    </p>
   </div>
   <div class='ocr_carea' id='block_1_4' title="bbox 93 569 1426 946">
    <p class='ocr_par' dir='ltr' id='par_1_4' title="bbox 94 569 1051 689">
     <span class='ocr_line' id='line_1_7' title="bbox 94 569 1051 623; baseline 0.003 -15"><span class='ocrx_word' id='word_1_29' title='bbox 94 571 226 609; x_wconf 86' lang='lat' dir='ltr'>Ardea</span> <span class='ocrx_word' id='word_1_30' title='bbox 255 569 422 609; x_wconf 87' lang='lat' dir='ltr'>solstitio</span> <span class='ocrx_word' id='word_1_31' title='bbox 452 571 722 622; x_wconf 81' lang='lat' dir='ltr'>Castranaque</span> <span class='ocrx_word' id='word_1_32' title='bbox 751 586 839 610; x_wconf 89' lang='lat' dir='ltr'>rura</span> <span class='ocrx_word' id='word_1_33' title='bbox 867 580 1051 623; x_wconf 89' lang='lat' dir='ltr'>petantur</span> 
     </span>
     <span class='ocr_line' id='line_1_8' title="bbox 147 635 963 689; baseline 0.005 -16"><span class='ocrx_word' id='word_1_34' title='bbox 147 635 296 686; x_wconf 89' lang='lat' dir='ltr'>quique</span> <span class='ocrx_word' id='word_1_35' title='bbox 325 637 527 675; x_wconf 84' lang='lat' dir='ltr'>Cleonaeo</span> <span class='ocrx_word' id='word_1_36' title='bbox 556 636 684 676; x_wconf 87' lang='lat' dir='ltr'>sidere</span> <span class='ocrx_word' id='word_1_37' title='bbox 712 639 834 676; x_wconf 86' lang='lat' dir='ltr'>fervet</span> <span class='ocrx_word' id='word_1_38' title='bbox 862 652 963 689; x_wconf 86' lang='lat' dir='ltr'>ager,</span> 
     </span>
    </p>

    <p class='ocr_par' dir='ltr' id='par_1_5' title="bbox 93 701 1020 819">
     <span class='ocr_line' id='line_1_9' title="bbox 93 701 1005 743; baseline 0.004 -5"><span class='ocrx_word' id='word_1_39' title='bbox 93 714 184 739; x_wconf 91' lang='lat' dir='ltr'>cum</span> <span class='ocrx_word' id='word_1_40' title='bbox 215 701 443 741; x_wconf 88' lang='lat' dir='ltr'>Tiburtinas</span> <span class='ocrx_word' id='word_1_41' title='bbox 473 703 636 741; x_wconf 88' lang='lat' dir='ltr'>damnet</span> <span class='ocrx_word' id='word_1_42' title='bbox 666 703 864 743; x_wconf 83' lang='lat' dir='ltr'>Curiatius</span> <span class='ocrx_word' id='word_1_43' title='bbox 892 717 1005 742; x_wconf 83' lang='lat' dir='ltr'>auras</span> 
     </span>
     <span class='ocr_line' id='line_1_10' title="bbox 147 765 1020 819; baseline 0.003 -15"><span class='ocrx_word' id='word_1_44' title='bbox 147 765 249 805; x_wconf 89' lang='lat' dir='ltr'>inter</span> <span class='ocrx_word' id='word_1_45' title='bbox 277 768 455 806; x_wconf 90' lang='lat' dir='ltr'>laudatas</span> <span class='ocrx_word' id='word_1_46' title='bbox 485 769 536 806; x_wconf 89' lang='lat' dir='ltr'>ad</span> <span class='ocrx_word' id='word_1_47' title='bbox 566 769 685 819; x_wconf 82' lang='lat' dir='ltr'>Styga</span> <span class='ocrx_word' id='word_1_48' title='bbox 715 768 857 807; x_wconf 88' lang='lat' dir='ltr'>missus</span> <span class='ocrx_word' id='word_1_49' title='bbox 885 782 1020 819; x_wconf 86' lang='lat' dir='ltr'>aquas.</span> 
     </span>
    </p>

    <p class='ocr_par' dir='ltr' id='par_1_6' title="bbox 93 833 1426 946">
     <span class='ocr_line' id='line_1_11' title="bbox 93 833 1426 884; baseline 0.004 -15"><span class='ocrx_word' id='word_1_50' title='bbox 93 833 203 870; x_wconf 88' lang='lat' dir='ltr'>nullo</span> <span class='ocrx_word' id='word_1_51' title='bbox 231 834 311 871; x_wconf 86' lang='lat' dir='ltr'>fata</span> <span class='ocrx_word' id='word_1_52' title='bbox 339 834 429 872; x_wconf 92' lang='lat' dir='ltr'>loco</span> <span class='ocrx_word' id='word_1_53' title='bbox 458 833 585 884; x_wconf 89' lang='lat' dir='ltr'>possis</span> <span class='ocrx_word' id='word_1_54' title='bbox 615 836 848 873; x_wconf 80' lang='lat' dir='ltr'>excludere:</span> <span class='ocrx_word' id='word_1_55' title='bbox 888 849 979 874; x_wconf 90' lang='lat' dir='ltr'>cum</span> <span class='ocrx_word' id='word_1_56' title='bbox 1011 848 1115 873; x_wconf 91' lang='lat' dir='ltr'>mors</span> <span class='ocrx_word' id='word_1_57' title='bbox 1409 853 1426 884; x_wconf 88' lang='lat'>5</span> 
     </span>
     <span class='ocr_line' id='line_1_12' title="bbox 148 898 1028 946; baseline 0.003 -10"><span class='ocrx_word' id='word_1_58' title='bbox 148 898 307 946; x_wconf 86' lang='lat' dir='ltr'>venerit,</span> <span class='ocrx_word' id='word_1_59' title='bbox 338 898 378 936; x_wconf 91' lang='lat' dir='ltr'>in</span> <span class='ocrx_word' id='word_1_60' title='bbox 408 899 542 938; x_wconf 89' lang='lat' dir='ltr'>medio</span> <span class='ocrx_word' id='word_1_61' title='bbox 572 899 720 939; x_wconf 89' lang='lat' dir='ltr'>Tibure</span> <span class='ocrx_word' id='word_1_62' title='bbox 750 901 930 939; x_wconf 88' lang='lat' dir='ltr'>Sardinia</span> <span class='ocrx_word' id='word_1_63' title='bbox 959 909 1028 940; x_wconf 87' lang='lat' dir='ltr'>est.</span> 
     </span>
    </p>
   </div>
   <div class='ocr_carea' id='block_1_5' title="bbox 606 989 701 1026">
    <p class='ocr_par' dir='ltr' id='par_1_7' title="bbox 606 989 701 1026">
     <span class='ocr_line' id='line_1_13' title="bbox 606 989 701 1026; baseline 0 0"><span class='ocrx_word' id='word_1_64' title='bbox 606 989 701 1026; x_wconf 94' lang='lat' dir='ltr'>LXI</span> 
     </span>
    </p>
   </div>
   <div class='ocr_carea' id='block_1_6' title="bbox 91 1057 1429 2089">
    <p class='ocr_par' dir='ltr' id='par_1_8' title="bbox 94 1057 1029 1107">
     <span class='ocr_line' id='line_1_14' title="bbox 94 1057 1029 1107; baseline 0.003 -12"><span class='ocrx_word' id='word_1_65' title='bbox 94 1058 276 1096; x_wconf 81' lang='lat' dir='ltr'>Donasse</span> <span class='ocrx_word' id='word_1_66' title='bbox 304 1057 477 1096; x_wconf 90' lang='lat' dir='ltr'>amicum</span> <span class='ocrx_word' id='word_1_67' title='bbox 508 1057 579 1097; x_wconf 89' lang='lat' dir='ltr'>tibi</span> <span class='ocrx_word' id='word_1_68' title='bbox 608 1060 793 1107; x_wconf 85' lang='lat' dir='ltr'>ducenta,</span> <span class='ocrx_word' id='word_1_69' title='bbox 828 1059 1029 1107; x_wconf 87' lang='lat' dir='ltr'>Mancine‚</span> 
     </span>
    </p>

    <p class='ocr_par' dir='ltr' id='par_1_9' title="bbox 92 1123 858 1172">
     <span class='ocr_line' id='line_1_15' title="bbox 92 1123 858 1172; baseline 0.005 -13"><span class='ocrx_word' id='word_1_70' title='bbox 92 1135 218 1172; x_wconf 90' lang='lat' dir='ltr'>nuper</span> <span class='ocrx_word' id='word_1_71' title='bbox 246 1123 418 1172; x_wconf 91' lang='lat' dir='ltr'>superbo</span> <span class='ocrx_word' id='word_1_72' title='bbox 446 1125 570 1162; x_wconf 86' lang='lat' dir='ltr'>laetus</span> <span class='ocrx_word' id='word_1_73' title='bbox 600 1137 667 1162; x_wconf 90' lang='lat' dir='ltr'>ore</span> <span class='ocrx_word' id='word_1_74' title='bbox 695 1124 858 1163; x_wconf 88' lang='lat' dir='ltr'>iactasti.</span> 
     </span>
    </p>

    <p class='ocr_par' dir='ltr' id='par_1_10' title="bbox 92 1188 940 1240">
     <span class='ocr_line' id='line_1_16' title="bbox 92 1188 940 1240; baseline 0.004 -15"><span class='ocrx_word' id='word_1_75' title='bbox 92 1195 254 1237; x_wconf 89' lang='lat' dir='ltr'>quartus</span> <span class='ocrx_word' id='word_1_76' title='bbox 284 1188 368 1227; x_wconf 88' lang='lat' dir='ltr'>dies</span> <span class='ocrx_word' id='word_1_77' title='bbox 397 1196 466 1235; x_wconf 86' lang='lat' dir='ltr'>est,</span> <span class='ocrx_word' id='word_1_78' title='bbox 498 1189 538 1227; x_wconf 93' lang='lat' dir='ltr'>in</span> <span class='ocrx_word' id='word_1_79' title='bbox 568 1191 705 1228; x_wconf 90' lang='lat' dir='ltr'>schola</span> <span class='ocrx_word' id='word_1_80' title='bbox 734 1198 940 1240; x_wconf 88' lang='lat' dir='ltr'>poetarum</span> 
     </span>
    </p>

    <p class='ocr_par' dir='ltr' id='par_1_11' title="bbox 92 1254 941 1301">
     <span class='ocr_line' id='line_1_17' title="bbox 92 1254 941 1301; baseline 0.004 -10"><span class='ocrx_word' id='word_1_81' title='bbox 92 1254 188 1291; x_wconf 90' lang='lat' dir='ltr'>dum</span> <span class='ocrx_word' id='word_1_82' title='bbox 219 1254 452 1301; x_wconf 85' lang='lat' dir='ltr'>fabulamur,</span> <span class='ocrx_word' id='word_1_83' title='bbox 484 1254 644 1293; x_wconf 89' lang='lat' dir='ltr'>milibus</span> <span class='ocrx_word' id='word_1_84' title='bbox 674 1256 814 1294; x_wconf 90' lang='lat' dir='ltr'>decem</span> <span class='ocrx_word' id='word_1_85' title='bbox 845 1255 941 1294; x_wconf 85' lang='lat' dir='ltr'>dixti</span> 
     </span>
    </p>

    <p class='ocr_par' dir='ltr' id='par_1_12' title="bbox 92 1320 1427 1435">
     <span class='ocr_line' id='line_1_18' title="bbox 92 1320 1427 1370; baseline 0.004 -14"><span class='ocrx_word' id='word_1_86' title='bbox 92 1326 245 1369; x_wconf 87' lang='lat' dir='ltr'>emptas</span> <span class='ocrx_word' id='word_1_87' title='bbox 274 1320 449 1358; x_wconf 85' lang='lat' dir='ltr'>lacernas</span> <span class='ocrx_word' id='word_1_88' title='bbox 480 1333 624 1358; x_wconf 90' lang='lat' dir='ltr'>munus</span> <span class='ocrx_word' id='word_1_89' title='bbox 654 1334 739 1359; x_wconf 88' lang='lat' dir='ltr'>esse</span> <span class='ocrx_word' id='word_1_90' title='bbox 770 1322 1013 1370; x_wconf 88' lang='lat' dir='ltr'>Pompullae,</span> <span class='ocrx_word' id='word_1_91' title='bbox 1410 1338 1427 1369; x_wconf 90' lang='lat'>5</span> 
     </span>
     <span class='ocr_line' id='line_1_19' title="bbox 92 1385 1017 1435; baseline 0.003 -14"><span class='ocrx_word' id='word_1_92' title='bbox 92 1385 339 1434; x_wconf 83' lang='lat' dir='ltr'>sardonycha</span> <span class='ocrx_word' id='word_1_93' title='bbox 368 1398 503 1423; x_wconf 91' lang='lat' dir='ltr'>verum</span> <span class='ocrx_word' id='word_1_94' title='bbox 533 1385 727 1435; x_wconf 84' lang='lat' dir='ltr'>lineisque</span> <span class='ocrx_word' id='word_1_95' title='bbox 756 1394 814 1424; x_wconf 88' lang='lat' dir='ltr'>ter</span> <span class='ocrx_word' id='word_1_96' title='bbox 842 1386 1017 1425; x_wconf 85' lang='lat' dir='ltr'>cinctum</span> 
     </span>
    </p>

    <p class='ocr_par' dir='ltr' id='par_1_13' title="bbox 91 1450 1017 1502">
     <span class='ocr_line' id='line_1_20' title="bbox 91 1450 1017 1502; baseline 0.004 -15"><span class='ocrx_word' id='word_1_97' title='bbox 91 1451 271 1500; x_wconf 83' lang='lat' dir='ltr'>duasque</span> <span class='ocrx_word' id='word_1_98' title='bbox 302 1450 447 1489; x_wconf 86' lang='lat' dir='ltr'>similes</span> <span class='ocrx_word' id='word_1_99' title='bbox 478 1452 663 1490; x_wconf 88' lang='lat' dir='ltr'>fluctibus</span> <span class='ocrx_word' id='word_1_100' title='bbox 694 1452 811 1490; x_wconf 87' lang='lat' dir='ltr'>maris</span> <span class='ocrx_word' id='word_1_101' title='bbox 840 1465 1017 1502; x_wconf 85' lang='lat' dir='ltr'>gemmas</span> 
     </span>
    </p>

    <p class='ocr_par' dir='ltr' id='par_1_14' title="bbox 91 1515 907 1567">
     <span class='ocr_line' id='line_1_21' title="bbox 91 1515 907 1567; baseline 0.004 -14"><span class='ocrx_word' id='word_1_102' title='bbox 91 1515 250 1554; x_wconf 84' lang='lat' dir='ltr'>dedisse</span> <span class='ocrx_word' id='word_1_103' title='bbox 280 1518 443 1554; x_wconf 86' lang='lat' dir='ltr'>Bassam</span> <span class='ocrx_word' id='word_1_104' title='bbox 475 1517 732 1567; x_wconf 82' lang='lat' dir='ltr'>Caeliamque</span> <span class='ocrx_word' id='word_1_105' title='bbox 762 1517 907 1556; x_wconf 84' lang='lat' dir='ltr'>iurasti.</span> 
     </span>
    </p>

    <p class='ocr_par' dir='ltr' id='par_1_15' title="bbox 91 1581 894 1631">
     <span class='ocr_line' id='line_1_22' title="bbox 91 1581 894 1631; baseline 0.004 -13"><span class='ocrx_word' id='word_1_106' title='bbox 91 1581 185 1619; x_wconf 87' lang='lat' dir='ltr'>here</span> <span class='ocrx_word' id='word_1_107' title='bbox 214 1582 264 1619; x_wconf 91' lang='lat' dir='ltr'>de</span> <span class='ocrx_word' id='word_1_108' title='bbox 293 1582 457 1628; x_wconf 87' lang='lat' dir='ltr'>theatro,</span> <span class='ocrx_word' id='word_1_109' title='bbox 490 1582 670 1621; x_wconf 88' lang='lat' dir='ltr'>Pollione</span> <span class='ocrx_word' id='word_1_110' title='bbox 699 1591 894 1631; x_wconf 87' lang='lat' dir='ltr'>cantante,</span> 
     </span>
    </p>

    <p class='ocr_par' dir='ltr' id='par_1_16' title="bbox 92 1646 1429 1761">
     <span class='ocr_line' id='line_1_23' title="bbox 92 1646 1429 1699; baseline 0.002 -16"><span class='ocrx_word' id='word_1_111' title='bbox 92 1659 184 1683; x_wconf 91' lang='lat' dir='ltr'>cum</span> <span class='ocrx_word' id='word_1_112' title='bbox 214 1646 346 1685; x_wconf 87' lang='lat' dir='ltr'>subito</span> <span class='ocrx_word' id='word_1_113' title='bbox 374 1647 516 1696; x_wconf 85' lang='lat' dir='ltr'>abires,</span> <span class='ocrx_word' id='word_1_114' title='bbox 546 1649 642 1686; x_wconf 89' lang='lat' dir='ltr'>dum</span> <span class='ocrx_word' id='word_1_115' title='bbox 672 1648 784 1699; x_wconf 83' lang='lat' dir='ltr'>fugis,</span> <span class='ocrx_word' id='word_1_116' title='bbox 816 1648 1055 1699; x_wconf 85' lang='lat' dir='ltr'>loquebaris,</span> <span class='ocrx_word' id='word_1_117' title='bbox 1133 1679 1135 1681; x_wconf 78' lang='grc'>.</span> <span class='ocrx_word' id='word_1_118' title='bbox 1390 1665 1429 1687; x_wconf 88' lang='lat'>10</span> 
     </span>
     <span class='ocr_line' id='line_1_24' title="bbox 92 1711 820 1761; baseline 0.004 -12"><span class='ocrx_word' id='word_1_119' title='bbox 92 1711 319 1750; x_wconf 86' lang='lat' dir='ltr'>hereditatis</span> <span class='ocrx_word' id='word_1_120' title='bbox 350 1711 421 1751; x_wconf 88' lang='lat' dir='ltr'>tibi</span> <span class='ocrx_word' id='word_1_121' title='bbox 450 1720 626 1752; x_wconf 88' lang='lat' dir='ltr'>trecenta</span> <span class='ocrx_word' id='word_1_122' title='bbox 654 1713 820 1761; x_wconf 87' lang='lat' dir='ltr'>venisse,</span> 
     </span>
    </p>

    <p class='ocr_par' dir='ltr' id='par_1_17' title="bbox 92 1779 1063 1829">
     <span class='ocr_line' id='line_1_25' title="bbox 92 1779 1063 1829; baseline 0.004 -15"><span class='ocrx_word' id='word_1_123' title='bbox 92 1784 130 1814; x_wconf 91' lang='lat' dir='ltr'>et</span> <span class='ocrx_word' id='word_1_124' title='bbox 159 1790 276 1815; x_wconf 86' lang='lat' dir='ltr'>mane</span> <span class='ocrx_word' id='word_1_125' title='bbox 305 1785 477 1824; x_wconf 89' lang='lat' dir='ltr'>centum,</span> <span class='ocrx_word' id='word_1_126' title='bbox 510 1786 549 1817; x_wconf 88' lang='lat' dir='ltr'>et</span> <span class='ocrx_word' id='word_1_127' title='bbox 578 1786 668 1829; x_wconf 88' lang='lat' dir='ltr'>post</span> <span class='ocrx_word' id='word_1_128' title='bbox 697 1779 861 1818; x_wconf 89' lang='lat' dir='ltr'>meridie</span> <span class='ocrx_word' id='word_1_129' title='bbox 891 1786 1063 1818; x_wconf 84' lang='lat' dir='ltr'>centum.</span> 
     </span>
    </p>

    <p class='ocr_par' dir='ltr' id='par_1_18' title="bbox 94 1841 1022 1890">
     <span class='ocr_line' id='line_1_26' title="bbox 94 1841 1022 1890; baseline 0.003 -11"><span class='ocrx_word' id='word_1_130' title='bbox 94 1841 203 1890; x_wconf 88' lang='lat' dir='ltr'>Quid</span> <span class='ocrx_word' id='word_1_131' title='bbox 233 1842 304 1880; x_wconf 90' lang='lat' dir='ltr'>tibi</span> <span class='ocrx_word' id='word_1_132' title='bbox 334 1844 489 1881; x_wconf 84' lang='lat' dir='ltr'>sodales</span> <span class='ocrx_word' id='word_1_133' title='bbox 519 1843 684 1882; x_wconf 89' lang='lat' dir='ltr'>fecimus</span> <span class='ocrx_word' id='word_1_134' title='bbox 715 1844 808 1882; x_wconf 90' lang='lat' dir='ltr'>mali</span> <span class='ocrx_word' id='word_1_135' title='bbox 837 1846 1022 1883; x_wconf 87' lang='lat' dir='ltr'>tantum?</span> 
     </span>
    </p>

    <p class='ocr_par' dir='ltr' id='par_1_19' title="bbox 93 1906 953 1949">
     <span class='ocr_line' id='line_1_27' title="bbox 93 1906 953 1949; baseline 0.006 -5"><span class='ocrx_word' id='word_1_136' title='bbox 93 1906 275 1946; x_wconf 88' lang='lat' dir='ltr'>miserere</span> <span class='ocrx_word' id='word_1_137' title='bbox 304 1907 382 1945; x_wconf 89' lang='lat' dir='ltr'>iam</span> <span class='ocrx_word' id='word_1_138' title='bbox 412 1908 581 1947; x_wconf 90' lang='lat' dir='ltr'>crudelis</span> <span class='ocrx_word' id='word_1_139' title='bbox 611 1917 649 1947; x_wconf 88' lang='lat' dir='ltr'>et</span> <span class='ocrx_word' id='word_1_140' title='bbox 679 1909 749 1948; x_wconf 91' lang='lat' dir='ltr'>sile</span> <span class='ocrx_word' id='word_1_141' title='bbox 779 1911 953 1949; x_wconf 89' lang='lat' dir='ltr'>tandem.</span> 
     </span>
    </p>

    <p class='ocr_par' dir='ltr' id='par_1_20' title="bbox 91 1972 1426 2089">
     <span class='ocr_line' id='line_1_28' title="bbox 92 1972 1426 2024; baseline 0.003 -14"><span class='ocrx_word' id='word_1_142' title='bbox 92 1980 170 2019; x_wconf 89' lang='lat' dir='ltr'>aut,</span> <span class='ocrx_word' id='word_1_143' title='bbox 202 1972 234 2010; x_wconf 90' lang='lat' dir='ltr'>si</span> <span class='ocrx_word' id='word_1_144' title='bbox 263 1980 392 2011; x_wconf 89' lang='lat' dir='ltr'>tacere</span> <span class='ocrx_word' id='word_1_145' title='bbox 420 1973 555 2024; x_wconf 84' lang='lat' dir='ltr'>lingua</span> <span class='ocrx_word' id='word_1_146' title='bbox 583 1987 665 2012; x_wconf 90' lang='lat' dir='ltr'>non</span> <span class='ocrx_word' id='word_1_147' title='bbox 694 1982 825 2024; x_wconf 85' lang='lat' dir='ltr'>potest</span> <span class='ocrx_word' id='word_1_148' title='bbox 853 1975 937 2022; x_wconf 88' lang='lat' dir='ltr'>ista,</span> <span class='ocrx_word' id='word_1_149' title='bbox 1390 1991 1426 2022; x_wconf 85' lang='lat'>¹5</span> 
     </span>
     <span class='ocr_line' id='line_1_29' title="bbox 91 2037 963 2089; baseline 0.003 -14"><span class='ocrx_word' id='word_1_150' title='bbox 91 2037 310 2088; x_wconf 87' lang='lat' dir='ltr'>aliquando</span> <span class='ocrx_word' id='word_1_151' title='bbox 339 2052 452 2076; x_wconf 89' lang='lat' dir='ltr'>narra</span> <span class='ocrx_word' id='word_1_152' title='bbox 482 2040 591 2089; x_wconf 91' lang='lat' dir='ltr'>quod</span> <span class='ocrx_word' id='word_1_153' title='bbox 621 2039 786 2078; x_wconf 92' lang='lat' dir='ltr'>velimus</span> <span class='ocrx_word' id='word_1_154' title='bbox 815 2040 963 2079; x_wconf 87' lang='lat' dir='ltr'>audire.</span> 
     </span>
    </p>
   </div>
   <div class='ocr_carea' id='block_1_7' title="bbox 92 2141 1431 2445">
    <p class='ocr_par' dir='ltr' id='par_1_21' title="bbox 135 2141 863 2183">
     <span class='ocr_line' id='line_1_30' title="bbox 135 2141 863 2183; baseline 0.005 -12"><span class='ocrx_word' id='word_1_155' title='bbox 135 2151 155 2180; x_wconf 87' lang='lat'><strong>3</strong></span> <span class='ocrx_word' id='word_1_156' title='bbox 180 2141 318 2181; x_wconf 85' lang='lat' dir='ltr'>pinguis</span> <span class='ocrx_word' id='word_1_157' title='bbox 334 2152 452 2173; x_wconf 87' lang='lat' dir='ltr'>errore</span> <span class='ocrx_word' id='word_1_158' title='bbox 470 2143 595 2183; x_wconf 67' lang='lat' dir='ltr'>(erore)</span> <span class='ocrx_word' id='word_1_159' title='bbox 617 2143 730 2174; x_wconf 73' lang='lat' dir='ltr'>AACA</span> <span class='ocrx_word' id='word_1_160' title='bbox 747 2148 786 2174; x_wconf 86' lang='lat' dir='ltr'>ut</span> <span class='ocrx_word' id='word_1_161' title='bbox 799 2144 863 2176; x_wconf 82' lang='lat' dir='ltr'>vid.</span> 
     </span>
    </p>

    <p class='ocr_par' dir='ltr' id='par_1_22' title="bbox 93 2185 1428 2260">
     <span class='ocr_line' id='line_1_31' title="bbox 137 2185 1428 2229; baseline 0.004 -14"><span class='ocrx_word' id='word_1_162' title='bbox 137 2185 199 2215; x_wconf 92' lang='lat' dir='ltr'>LX</span> <span class='ocrx_word' id='word_1_163' title='bbox 226 2196 239 2216; x_wconf 87' lang='lat'>1</span> <span class='ocrx_word' id='word_1_164' title='bbox 260 2192 484 2226; x_wconf 81' lang='lat' dir='ltr'>castranaque</span> <span class='ocrx_word' id='word_1_165' title='bbox 500 2187 576 2218; x_wconf 76' lang='lat' dir='ltr'>BA:</span> <span class='ocrx_word' id='word_1_166' title='bbox 601 2193 789 2227; x_wconf 87' lang='lat' dir='ltr'>paestaque</span> <span class='ocrx_word' id='word_1_167' title='bbox 809 2190 885 2229; x_wconf 79' lang='lat' dir='ltr'>(pro</span> <span class='ocrx_word' id='word_1_168' title='bbox 899 2188 1151 2228; x_wconf 73' lang='lat' dir='ltr'>Paestanaque)</span> <span class='ocrx_word' id='word_1_169' title='bbox 1173 2188 1220 2219; x_wconf 80' lang='lat' dir='ltr'>CA</span> <span class='ocrx_word' id='word_1_170' title='bbox 1408 2199 1428 2227; x_wconf 85' lang='lat'><strong>3</strong></span> 
     </span>
     <span class='ocr_line' id='line_1_32' title="bbox 93 2229 499 2260; baseline 0.005 -1"><span class='ocrx_word' id='word_1_171' title='bbox 93 2239 153 2259; x_wconf 84' lang='lat' dir='ltr'>cur</span> <span class='ocrx_word' id='word_1_172' title='bbox 169 2229 271 2260; x_wconf 86' lang='lat' dir='ltr'>latius</span> <span class='ocrx_word' id='word_1_173' title='bbox 286 2230 342 2260; x_wconf 75' lang='grc' dir='ltr'>ΒΑ</span> <span class='ocrx_word' id='word_1_174' title='bbox 494 2230 499 2235; x_wconf 88' lang='grc'><em>’</em></span> 
     </span>
    </p>

    <p class='ocr_par' dir='ltr' id='par_1_23' title="bbox 92 2273 1431 2445">
     <span class='ocr_line' id='line_1_33' title="bbox 138 2273 1430 2316; baseline 0.002 -14"><span class='ocrx_word' id='word_1_175' title='bbox 138 2273 216 2303; x_wconf 93' lang='lat' dir='ltr'>LXI</span> <span class='ocrx_word' id='word_1_176' title='bbox 241 2284 289 2304; x_wconf 76' lang='lat' dir='ltr'>vv.</span> <span class='ocrx_word' id='word_1_177' title='bbox 312 2284 383 2313; x_wconf 86' lang='lat'>1—4,</span> <span class='ocrx_word' id='word_1_178' title='bbox 399 2275 470 2313; x_wconf 80' lang='grc'>7-8,</span> <span class='ocrx_word' id='word_1_179' title='bbox 494 2276 600 2314; x_wconf 87' lang='lat'><strong>13-16</strong></span> <span class='ocrx_word' id='word_1_180' title='bbox 623 2275 694 2306; x_wconf 74' lang='lat' dir='ltr'>hab.</span> <span class='ocrx_word' id='word_1_181' title='bbox 718 2275 748 2306; x_wconf 90' lang='lat' dir='ltr'><em>T</em></span> <span class='ocrx_word' id='word_1_182' title='bbox 832 2287 849 2314; x_wconf 86' lang='lat'><strong>4</strong></span> <span class='ocrx_word' id='word_1_183' title='bbox 875 2275 1076 2306; x_wconf 83' lang='lat' dir='ltr'>famulamur</span> <span class='ocrx_word' id='word_1_184' title='bbox 1090 2275 1146 2305; x_wconf 77' lang='lat' dir='ltr'>BA</span> <span class='ocrx_word' id='word_1_185' title='bbox 1162 2276 1252 2312; x_wconf 83' lang='lat' dir='ltr'>(cum</span> <span class='ocrx_word' id='word_1_186' title='bbox 1269 2273 1317 2316; x_wconf 83' lang='lat' dir='ltr'>X)</span> <span class='ocrx_word' id='word_1_187' title='bbox 1408 2277 1430 2305; x_wconf 85' lang='lat'><strong>6</strong></span> 
     </span>
     <span class='ocr_line' id='line_1_34' title="bbox 92 2318 1427 2359; baseline 0.002 -13"><span class='ocrx_word' id='word_1_188' title='bbox 92 2318 302 2356; x_wconf 87' lang='lat' dir='ltr'>sardonycas</span> <span class='ocrx_word' id='word_1_189' title='bbox 315 2318 408 2358; x_wconf 83' lang='lat' dir='ltr'>(-ni-)</span> <span class='ocrx_word' id='word_1_190' title='bbox 426 2318 474 2349; x_wconf 74' lang='lat' dir='ltr'>CA</span> <span class='ocrx_word' id='word_1_191' title='bbox 562 2324 700 2349; x_wconf 85' lang='lat' dir='ltr'>unctum</span> <span class='ocrx_word' id='word_1_192' title='bbox 716 2319 764 2350; x_wconf 76' lang='lat' dir='ltr'>CA</span> <span class='ocrx_word' id='word_1_193' title='bbox 781 2319 816 2359; x_wconf 85' lang='lat' dir='ltr'>(u</span> <span class='ocrx_word' id='word_1_194' title='bbox 829 2325 891 2359; x_wconf 78' lang='lat' dir='ltr'>pro</span> <span class='ocrx_word' id='word_1_195' title='bbox 904 2319 948 2358; x_wconf 78' lang='lat' dir='ltr'>ci)</span> <span class='ocrx_word' id='word_1_196' title='bbox 1038 2330 1058 2358; x_wconf 91' lang='lat'>9</span> <span class='ocrx_word' id='word_1_197' title='bbox 1082 2319 1221 2359; x_wconf 88' lang='lat' dir='ltr'>polione</span> <span class='ocrx_word' id='word_1_198' title='bbox 1236 2318 1285 2349; x_wconf 79' lang='lat' dir='ltr'>CA</span> <span class='ocrx_word' id='word_1_199' title='bbox 1391 2329 1427 2349; x_wconf 93' lang='lat'>11</span> 
     </span>
     <span class='ocr_line' id='line_1_35' title="bbox 93 2361 1431 2403; baseline 0.003 -14"><span class='ocrx_word' id='word_1_200' title='bbox 93 2365 234 2390; x_wconf 87' lang='lat' dir='ltr'>recenta</span> <span class='ocrx_word' id='word_1_201' title='bbox 249 2361 295 2391; x_wconf 73' lang='lat' dir='ltr'>CA</span> <span class='ocrx_word' id='word_1_202' title='bbox 315 2362 398 2401; x_wconf 84' lang='lat' dir='ltr'>(non</span> <span class='ocrx_word' id='word_1_203' title='bbox 414 2361 463 2403; x_wconf 77' lang='lat' dir='ltr'>A)</span> <span class='ocrx_word' id='word_1_204' title='bbox 589 2373 628 2392; x_wconf 89' lang='lat'>12</span> <span class='ocrx_word' id='word_1_205' title='bbox 654 2368 687 2393; x_wconf 87' lang='lat' dir='ltr'>et</span> <span class='ocrx_word' id='word_1_206' title='bbox 702 2367 779 2402; x_wconf 88' lang='lat' dir='ltr'>post</span> <span class='ocrx_word' id='word_1_207' title='bbox 790 2363 846 2392; x_wconf 79' lang='lat' dir='ltr'>BA</span> <span class='ocrx_word' id='word_1_208' title='bbox 862 2374 868 2393; x_wconf 90' lang='lat'>:</span> <span class='ocrx_word' id='word_1_209' title='bbox 894 2367 969 2402; x_wconf 85' lang='lat' dir='ltr'>post</span> <span class='ocrx_word' id='word_1_210' title='bbox 986 2362 1033 2393; x_wconf 77' lang='lat' dir='ltr'>CA</span> <span class='ocrx_word' id='word_1_211' title='bbox 1166 2373 1203 2401; x_wconf 85' lang='lat'>13</span> <span class='ocrx_word' id='word_1_212' title='bbox 1227 2363 1367 2393; x_wconf 83' lang='lat' dir='ltr'>facimus</span> <span class='ocrx_word' id='word_1_213' title='bbox 1383 2363 1431 2394; x_wconf 77' lang='lat' dir='ltr'>CA</span> 
     </span>
     <span class='ocr_line' id='line_1_36' title="bbox 94 2404 1319 2445; baseline 0.003 -12"><span class='ocrx_word' id='word_1_214' title='bbox 94 2404 162 2434; x_wconf 87' lang='lat' dir='ltr'>mili</span> <span class='ocrx_word' id='word_1_215' title='bbox 186 2404 232 2434; x_wconf 89' lang='lat' dir='ltr'>T:</span> <span class='ocrx_word' id='word_1_216' title='bbox 256 2405 343 2435; x_wconf 80' lang='lat' dir='ltr'>male</span> <span class='ocrx_word' id='word_1_217' title='bbox 358 2405 414 2434; x_wconf 73' lang='lat' dir='ltr'>BA</span> <span class='ocrx_word' id='word_1_218' title='bbox 549 2416 587 2445; x_wconf 84' lang='lat'>14</span> <span class='ocrx_word' id='word_1_219' title='bbox 612 2407 735 2437; x_wconf 87' lang='lat' dir='ltr'>misere</span> <span class='ocrx_word' id='word_1_220' title='bbox 752 2411 819 2437; x_wconf 83' lang='lat' dir='ltr'>tam</span> <span class='ocrx_word' id='word_1_221' title='bbox 834 2407 891 2436; x_wconf 75' lang='lat' dir='ltr'>BA</span> <span class='ocrx_word' id='word_1_222' title='bbox 982 2407 1021 2436; x_wconf 88' lang='lat'>16</span> <span class='ocrx_word' id='word_1_223' title='bbox 1045 2406 1162 2437; x_wconf 89' lang='lat' dir='ltr'>audire</span> <span class='ocrx_word' id='word_1_224' title='bbox 1178 2417 1244 2438; x_wconf 81' lang='lat' dir='ltr'>om.</span> <span class='ocrx_word' id='word_1_225' title='bbox 1264 2406 1319 2437; x_wconf 70' lang='lat' dir='ltr'>BA</span> 
     </span>
    </p>
   </div>
  </div>
 </body>
</html>
