1648 2729
173 146 229 183 Μ.
262 146 384 184 VAL.
417 147 733 186 MARTIALIS

676 261 783 298 VIII

172 328 211 366 Si
241 342 320 378 qua
348 327 588 368 videbuntur
617 330 761 368 chartis
791 329 873 378 tibi,
905 332 1037 379 lector,
1070 331 1111 370 in
1140 331 1224 371 istis

225 393 306 436 sive
335 393 503 432 obscura
532 393 649 432 nimis
678 394 759 433 sive
788 395 910 434 latina
938 409 1089 446 parum,

171 472 251 497 non
283 472 394 497 meus
423 466 482 497 est
511 472 640 498 error:
680 460 817 498 nocuit
845 460 1023 499 librarius
1054 460 1128 500 illis

225 524 321 561 dum
351 532 534 574 properat
563 538 696 563 versus
725 526 986 565 adnumerare
1016 526 1101 565 tibi.

172 590 281 638 quod
311 588 342 627 si
372 603 453 628 non
482 589 593 627 illum
624 591 694 628 sed
724 604 788 629 me
818 604 1004 640 peccasse
1033 591 1203 642 putabis,
1489 608 1507 638 5

225 661 319 692 tunc
349 667 422 704 ego
453 661 490 692 te
520 656 678 693 credam
709 655 839 694 cordis
869 656 1016 695 habere
1045 656 1157 694 nihil.

173 721 278 757 ‘Ista
308 727 439 757 tamen
470 721 574 757 mala
602 722 717 758 sunt?
775 720 899 770 Quasi
929 735 1001 760 nos
1031 721 1240 760 manifesta
1268 725 1482 772 negemus!

227 786 325 823 haec
355 786 457 822 mala
487 792 589 832 sunt,
623 786 693 823 sed
724 793 765 823 tu
796 799 877 824 non
908 786 1072 825 meliora
1100 786 1206 825 facis.

702 869 761 905 XI

173 939 295 986 Quod
324 938 452 976 fronte
483 937 630 976 Selium
662 937 798 977 nubila
826 938 947 987 videS,
981 941 1095 987 Rufe,

176 1001 285 1050 quod
315 1000 539 1038 ambulator
568 1000 765 1050 porticum
796 1001 884 1040 terit
913 1015 1050 1050 seram,

172 1066 336 1116 lugubre
366 1064 557 1115 quiddam
587 1067 697 1115 quod
727 1073 831 1105 tacet
860 1066 968 1117 piger
996 1069 1136 1114 voltus,

173 1132 280 1180 quod
311 1144 438 1180 paene
468 1138 608 1168 terram
640 1144 756 1169 nasus
787 1131 977 1171 indecens
1007 1132 1140 1183 tangit,

172 1197 280 1246 quod
311 1197 447 1234 dextra
475 1203 613 1246 pectus
642 1198 772 1246 pulsat
801 1204 839 1235 et
869 1211 1025 1236 comam
1056 1197 1185 1236 vellit:
1379 1201 1382 1203 ’
1489 1215 1507 1245 5

171 1275 251 1300 non
282 1261 345 1300 ille
375 1261 491 1299 amici
522 1262 599 1299 sata
629 1263 735 1311 luget
763 1270 832 1300 aut
862 1262 1000 1310 fratris,
1383 1265 1385 1267 ’

172 1335 336 1376 uterque
367 1334 480 1364 natus
511 1326 603 1364 vivit
633 1334 671 1365 et
701 1340 840 1376 precor
869 1327 982 1375 vivat,

172 1393 278 1430 salva
307 1399 365 1430 est
395 1399 432 1430 et
462 1406 558 1430 uxor
587 1392 842 1442 sarcinaeque
872 1393 1063 1443 servique,

172 1456 268 1494 nihil
298 1459 463 1495 colonus
493 1456 710 1507 vilicusque
740 1458 907 1496 decoxit.

175 1522 365 1561 Maeroris
396 1522 511 1572 igitur
539 1536 658 1560 causa
687 1525 819 1572 quae?
877 1522 998 1561 Domi
1029 1530 1154 1562 cenat.
1470 1540 1510 1561 10

677 1611 785 1648 XIII

283 1682 333 1717 Et
363 1680 480 1718 iudex
510 1680 607 1729 petit
636 1688 674 1719 et
703 1680 801 1730 petit
830 1689 1028 1730 patronus.

281 1747 408 1784 solvas
438 1759 593 1792 censeo,
627 1747 752 1793 Sexte,
785 1745 979 1784 creditori.

686 1834 787 1870 XIV

175 1903 241 1940 Nil
271 1902 550 1953 intemptatum
582 1903 718 1950 Selius,
752 1903 805 1941 nil
835 1902 977 1953 linquit
1006 1903 1200 1950 inausum,

228 1969 450 2006 cenandum
482 1968 665 2018 quotiens
696 1968 773 2006 iam
803 1968 911 2006 videt
940 1982 1025 2007 esse
1055 1968 1176 2007 domi.

174 2032 291 2071 currit
319 2034 370 2070 ad
402 2035 589 2082 Europen
620 2041 657 2071 et
687 2040 736 2080 te,
769 2032 944 2080 Pauline,
976 2040 1145 2082 tuosque

229 2099 362 2136 laudat
391 2097 605 2145 Achilleos,
636 2099 706 2136 sed
736 2098 820 2137 sine
849 2099 938 2145 fine,
970 2099 1103 2148 pedes.

218 2201 300 2231 VIII
325 2202 398 2231 lzab.
421 2200 455 2230 R
565 2211 577 2231 1
605 2202 674 2242 ch.]
695 2202 824 2241 phastis
839 2202 872 2232 R
964 2205 993 2241 ⁴7
1018 2212 1105 2241 quae
1122 2201 1149 2232 si
1168 2211 1254 2232 man.
1272 2200 1352 2240 [om.
1368 2200 1444 2241 nos)
1461 2201 1510 2231 CA

175 2255 338 2284 negamus
354 2244 388 2275 R

219 2288 268 2318 XI
293 2299 342 2319 vv.
367 2298 394 2327 1,
415 2290 489 2328 4-6‚
513 2298 552 2319 10
568 2288 640 2319 hab.
667 2289 697 2319 T
812 2299 825 2319 1
852 2289 961 2320 sillum
995 2289 1114 2330 T(pro
1132 2289 1270 2329 Silium)
1390 2298 1410 2318 2
1433 2297 1508 2318 sera

176 2332 242 2369 BA,
256 2332 338 2370 sort.
360 2336 455 2362 recte:
479 2342 589 2362 seram
609 2332 658 2362 CA
760 2344 780 2371 4
798 2334 906 2372 tangit
924 2333 993 2364 ind.
1009 2333 1064 2362 BA
1166 2343 1187 2372 9
1208 2342 1266 2362 -ue
1289 2331 1364 2362 Ital.
1470 2341 1508 2362 10

175 2386 262 2414 quae
280 2375 338 2405 ΑΛ
360 2379 395 2406 nt
410 2375 474 2406 vid.
496 2378 575 2413 (om.
601 2375 641 2415 T)
660 2375 723 2407 CA:
740 2386 826 2416 quae
844 2381 895 2407 est
911 2376 965 2406 BA
982 2386 1065 2407 cena
1082 2380 1133 2406 est
1151 2376 1210 2406 ΑΑ
1225 2387 1232 2407 :
1256 2379 1355 2406 cenat
1372 2374 1479 2405 BACA

218 2418 301 2449 XIV
324 2430 335 2449 1
357 2419 465 2458 inquit
484 2419 533 2449 CA
550 2422 639 2459 (cnm
654 2419 699 2457 L)
1400 2434 1404 2438 ·
