1648 2729
204 122 259 159 M.
292 121 414 158 VAL.
448 120 763 158 MARTIALIS

309 239 403 271 nato
433 233 606 278 consule,
639 230 843 281 nobilique
871 229 978 281 virga

310 297 409 336 vatis
439 296 652 337 Castaliam
682 297 848 335 domum
878 308 1019 335 sonare
1521 313 1538 345 5

311 376 440 402 rerum
469 362 596 413 prima
625 364 729 400 salus
759 369 798 400 et
826 374 905 399 una
935 361 1090 400 Caesar.

312 428 513 467 Gaudenti
542 434 719 478 superest
747 428 879 465 adhuc
909 427 1018 476 quod
1048 433 1168 477 optet,

311 492 402 532 felix
430 506 602 543 purpura
630 491 846 542 tertiusque
875 492 1025 530 consul.

312 557 505 607 Pompeio
534 556 689 596 dederit
717 556 808 595 licet
837 563 996 598 senatus

309 631 348 663 et
378 624 523 663 Caesar
551 636 697 673 genero
727 635 858 660 sacros
887 622 1070 669 honores,
1502 638 1542 660 10

309 702 476 739 quorum
508 687 696 738 pacificus
726 694 784 725 ter
811 686 1014 737 ampliavit

310 755 431 793 Ianus
460 752 650 791 nomina:
690 752 806 791 Silius
836 753 1062 802 frequentes

310 820 461 857 mavult
491 818 547 857 sic
576 831 782 856 numerare
812 819 1051 856 consulatus.

678 932 837 969 LXVII

202 1011 334 1048 Horas
363 1007 540 1058 quinque
568 1021 665 1058 puer
694 1007 874 1045 nondum
904 1005 976 1045 tibi
1004 1006 1160 1046 nuntiat
1189 1013 1228 1046 et
1258 1014 1299 1045 tu

254 1074 331 1113 iam
362 1073 528 1112 conviva
557 1072 664 1120 mihi,
697 1072 933 1119 Caeciliane,
965 1071 1086 1119 venis,

200 1153 291 1179 cum
321 1140 444 1178 modo
473 1137 696 1177 distulerint
724 1151 865 1176 raucae
893 1136 1122 1176 vadimonia
1151 1144 1313 1188 quartae

255 1212 293 1243 et
323 1203 548 1242 Floralicias
578 1204 696 1241 lasset
725 1203 871 1241 harena
900 1203 1010 1241 feras.

200 1284 320 1317 curre,
352 1283 433 1319 age,
467 1276 505 1307 et
533 1268 678 1307 inlotos
708 1281 858 1316 revoca,
892 1267 1065 1315 Calliste,
1096 1266 1294 1306 ministros
1309 1282 1319 1316 ;
1522 1284 1539 1316 5

254 1342 476 1374 sternantur
504 1333 620 1372 lecti:
662 1333 900 1380 Caeciliane,
932 1333 1037 1371 sede.

200 1402 355 1440 caldam
384 1399 515 1450 poscis
544 1412 712 1449 aquarn:
747 1399 929 1436 nondum
960 1397 1057 1436 mihi
1085 1397 1225 1449 frigida
1253 1397 1385 1446 venit,-

254 1466 357 1516 alget
384 1466 517 1504 adhuc
546 1465 656 1502 nudo
687 1464 795 1502 clusa
824 1462 955 1502 culina
985 1464 1085 1501 foco.

202 1545 318 1569 mane
346 1529 436 1569 veni
465 1529 597 1580 potius
613 1544 622 1576 3
661 1542 753 1566 narn
785 1542 853 1566 cur
882 1535 920 1566 te
950 1527 1088 1578 quinta
1117 1529 1323 1566 moretur?

255 1604 298 1634 ut
326 1595 462 1642 iantes,
495 1608 592 1642 sero,
625 1593 861 1641 Caeciliam,
893 1592 1013 1632 venis.
1499 1608 1540 1631 10

670 1710 853 1748 LXVIII

203 1787 283 1838 Qui
313 1786 523 1838 Corcyraei
551 1786 648 1825 vidit
678 1785 856 1836 pomaria
885 1784 996 1835 regis,

255 1867 331 1901 rus,
363 1854 529 1900 Entelle,
563 1860 653 1891 tuae
682 1853 874 1902 praeferet
902 1850 967 1889 ille
997 1851 1151 1889 domus.

202 1918 335 1957 invida
363 1931 580 1969 purpureos
610 1925 695 1955 urat
725 1930 775 1955 ne
804 1917 946 1955 bruma
974 1929 1152 1954 racemos

255 1991 294 2023 et
322 1983 496 2034 gelidum
527 1982 676 2021 Bacchi
705 1995 869 2020 munera
897 1980 1016 2031 frigus
1045 1981 1147 2027 edat,

202 2048 363 2088 condita
390 2047 598 2099 perspicua
625 2046 719 2086 vivit
747 2045 949 2085 vindemia
976 2058 1134 2096 gemma
1519 2058 1536 2091 5

257 2122 295 2153 et
325 2113 466 2164 tegitur
494 2112 586 2151 felix
615 2126 690 2151 nec
719 2120 852 2150 tamen
882 2124 958 2149 uva
986 2112 1106 2149 latet:

249 2216 357 2247 LXVI
382 2225 401 2255 5
427 2215 566 2247 castalia
583 2214 634 2245 CA
759 2225 776 2254 7
801 2218 897 2254 optet
912 2212 991 2244 BA:
1014 2217 1107 2252 optat
1121 2211 1171 2243 CA

249 2260 375 2291 LXVII
401 2271 450 2291 vv.
469 2270 538 2299 1—2‚
551 2258 718 2298 5—1ol1ab.
732 2258 766 2288 R
855 2268 874 2297 3
897 2267 996 2297 parce
1012 2257 1116 2298 (-cae)
1128 2255 1198 2287 BA:
1220 2265 1342 2287 raucae
1356 2254 1406 2286 CA
1497 2264 1536 2286 10

205 2310 239 2335 ut
256 2309 354 2334 antes
370 2303 447 2334 BA:
472 2303 517 2333 uti
535 2308 615 2333 ante
634 2302 684 2333 CA
771 2302 850 2332 ueni
867 2301 901 2332 R

249 2347 395 2377 LXVIII
415 2350 491 2387 post
517 2346 632 2376 LXIX
660 2347 694 2377 in
717 2345 773 2375 ΒΑ
921 2354 935 2375 1
962 2343 1046 2383 Quis
1073 2342 1123 2374 CA
1278 2352 1297 2382 5
1321 2341 1534 2383 perspicuam

204 2391 286 2422 uidit
304 2402 333 2422 u.
353 2401 520 2429 gemmam
536 2389 592 2420 BA
