1648 2729
675 123 1146 165 EPIGRAMMATON
1179 126 1283 164 LIB.
1315 127 1421 164 VIII

87 233 304 274 femineum
333 235 437 274 lueet
466 233 521 273 sic
549 247 619 285 per
649 234 888 285 bombycina
916 249 1070 286 corpus,

141 301 314 338 calculus
343 299 384 338 in
413 299 538 338 nitida
565 299 622 339 sic
650 308 877 339 numeratur
905 314 1018 351 aqua.

88 364 198 414 Quid
226 378 308 404 non
336 364 497 415 ingenio
524 364 648 403 voluit
677 373 814 404 natura
843 365 992 406 licere?

139 438 376 469 autumnum
405 430 544 469 sterilis
573 432 671 470 ferre
699 430 855 470 iubetur
883 431 1021 472 hiems,
1386 451 1424 472 10

572 514 708 551 LXIX

193 577 348 616 Miraris
376 585 538 626 veteres,
569 580 750 626 Vacerra,
781 580 887 618 solos

192 657 266 683 nee
294 644 432 682 laudas
462 643 536 682 nisi
566 652 743 683 mortuos
772 652 921 695 poetas.

191 708 371 759 ignoscas
400 709 582 760 petimus,
615 711 809 749 Vacerra:
848 710 946 750 tanti

191 787 272 813 non
303 782 371 822 est,
404 782 447 813 ut
476 776 655 825 placeam
685 775 766 823 tibi,
799 775 934 826 perire.

586 861 700 898 LXX

83 923 244 971 Quanta
272 922 383 972 quies
413 921 559 972 placidi
589 930 733 961 tantast
762 922 949 961 facundia
979 924 1144 970 Nervae,

135 988 206 1026 sed
235 987 397 1026 cohibet
425 987 524 1026 vires
554 987 838 1038 ingeniumque
867 989 1006 1038 pudor.

82 1065 172 1090 cum
202 1052 348 1091 siccare
377 1066 528 1091 sacram
558 1054 664 1103 largo
694 1052 944 1092 Permessida
972 1062 1107 1104 posset

134 1132 212 1166 ore,
243 1120 508 1158 verecundam
538 1119 675 1158 maluit
705 1133 790 1158 esse
819 1119 938 1168 sitim,

81 1183 248 1223 Pieriam
278 1184 387 1223 tenui
415 1185 585 1223 frontem
615 1184 798 1223 redimire
826 1198 974 1223 corona
1401 1204 1418 1234 5

133 1257 345 1288 contentus
374 1251 503 1288 famae
532 1263 606 1288 nec
636 1251 729 1289 dare
758 1251 844 1288 vela
874 1263 978 1288 suae.

79 1316 149 1354 sed
179 1322 313 1354 tamen
341 1316 449 1354 hunc
478 1314 601 1354 nostri
630 1315 703 1354 scit
731 1315 919 1366 temporis
949 1329 1035 1354 esse
1064 1316 1280 1364 Tibullum,

133 1380 308 1420 carmina
336 1380 404 1431 qui
432 1380 542 1420 docti
571 1388 665 1420 nota
695 1380 866 1420 Neronis
895 1381 1026 1420 habet.

565 1467 700 1504 LXXI

81 1533 279 1582 Quattuor
305 1531 455 1582 argenti
484 1531 601 1571 libras
632 1531 728 1570 mihi
757 1539 936 1583 tempore
965 1533 1129 1572 brumae

132 1596 271 1636 misisti
299 1605 391 1635 ante
419 1611 556 1645 annos,
589 1597 857 1645 Postumiane‚
888 1599 1029 1636 decem
1044 1613 1055 1646 3

78 1662 250 1713 speranti
278 1664 559 1713 plures—nam
589 1670 691 1701 stare
719 1670 787 1701 aut
815 1676 991 1702 crescere
1020 1664 1169 1703 debent

132 1735 543 1767 munera—venerunt
571 1729 709 1778 plusve
738 1728 919 1767 minusve
948 1730 1051 1768 duae
1067 1744 1078 1777 3

78 1792 212 1831 tertius
242 1800 281 1831 et
310 1800 471 1843 quartus
501 1794 627 1831 multo
656 1792 839 1832 inferiora
872 1794 1045 1832 tulerunt
1059 1808 1070 1842 3
1399 1812 1416 1843 5

130 1857 230 1897 libra
258 1857 330 1896 fuit
359 1857 498 1908 quinto
528 1857 754 1908 Septiciana
783 1857 974 1908 quidem3

77 1924 253 1962 besalem
281 1924 333 1962 ad
363 1924 558 1962 scutulam
588 1931 698 1962 sexto
727 1923 979 1973 pervenimus
1008 1937 1143 1972 anno;

131 1995 221 2038 post
250 1989 357 2027 hunc
385 1987 426 2026 in
455 1989 589 2027 cotula
616 2002 702 2027 rasa
730 1988 873 2027 selibra
902 1989 994 2027 data
1022 1996 1081 2027 est
1095 2004 1105 2037 3

122 2093 270 2124 LXVIII
296 2104 314 2132 7
339 2103 444 2133 super
462 2092 513 2124 CA
530 2093 565 2134 (u
577 2098 640 2134 pro
656 2092 700 2133 ic)

122 2137 238 2167 LXIX
261 2137 333 2168 lzab.
359 2137 389 2167 T
475 2146 490 2166 1
516 2137 609 2168 solus
624 2136 682 2167 ΒΑ
812 2147 832 2175 4
850 2140 902 2167 est
917 2137 1030 2168 AACA
1048 2149 1055 2168 :
1079 2147 1116 2168 es
1132 2136 1189 2167 ΒΑ

124 2181 219 2211 LXX
240 2191 253 2210 1
273 2185 366 2211 tanta
385 2185 437 2211 est
452 2179 532 2212 BA:
555 2185 648 2211 tanta
665 2181 693 2211 si
713 2179 764 2211 CA
786 2191 914 2211 uernae
939 2181 1030 2223 (-ne)
1056 2184 1094 2211 ut
1115 2180 1179 2212 vid.
1206 2180 1264 2212 BA
1288 2182 1362 2221 (sed
1382 2183 1415 2212 in

78 2224 188 2256 [emm.
212 2234 300 2255 LAvs
317 2224 474 2264 NERVAE)
631 2234 651 2263 3
675 2223 803 2255 siccare
827 2224 905 2255 BA:
928 2226 1057 2255 saciare
1072 2224 1123 2256 CA
1249 2235 1344 2256 sacra
1369 2226 1418 2257 CA

79 2272 220 2308 possent
235 2267 285 2298 CA
358 2279 433 2299 cum
446 2268 571 2299 satiare
585 2279 679 2299 sacra
691 2269 786 2308 large
803 2268 1018 2299 Permesside
1034 2273 1153 2308 posset
1171 2268 1241 2299 Ora
1256 2268 1418 2300 Heinsius

79 2323 98 2350 4
121 2312 316 2342 verecunda
334 2311 385 2343 CA
473 2312 603 2342 malluit
625 2312 659 2343 P
788 2321 808 2350 5
832 2312 987 2343 frondem
1014 2311 1064 2343 CA
1195 2313 1350 2344 redimita
1368 2313 1418 2344 CA

77 2365 236 2386 cor-onam
259 2354 318 2385 BA
448 2356 469 2386 8
493 2361 609 2386 nostra
634 2354 685 2386 CA

124 2398 237 2430 LXXI
264 2399 336 2430 hab.
361 2398 392 2430 T
474 2401 495 2431 6
517 2400 568 2431 vel
582 2400 776 2440 Septitiana
