1648 2729
280 549 349 598 M.
398 548 558 596 VAL.
611 548 1025 596 MARTIALIS

345 673 953 721 EPIGRAMMATON

515 799 688 836 LIBER
726 799 785 835 VI

641 887 659 923 Ι

199 963 359 1000 SEXTVS
389 961 554 1000 mittitur
583 961 647 1000 hic
677 961 749 1000 tibi
778 960 946 1007 libellus,

198 1027 237 1065 in
267 1027 402 1078 primis
432 1026 529 1065 mihi
558 1041 646 1065 care
677 1026 893 1064 Martialis:

198 1106 317 1142 quem
347 1092 379 1131 si
408 1092 560 1131 terseris
589 1105 682 1130 aure
711 1091 900 1142 diligenti,

196 1158 360 1197 audebit
388 1157 518 1196 minus
547 1157 684 1196 anxius
715 1165 967 1207 tremensque

199 1236 359 1273 magnas
389 1223 568 1263 Caesaris
598 1223 637 1261 in
667 1236 808 1260 manus
838 1221 981 1261 venire.

616 1323 683 1360 III

90 1400 261 1438 Nascere
292 1398 495 1437 Dardanio
524 1399 761 1449 promissum
791 1411 939 1436 nomen
970 1398 1059 1436 Iulo

143 1478 233 1502 vera
261 1465 382 1503 deum
412 1465 570 1503 suboles
586 1480 596 1513 3
633 1477 805 1511 nascere,
838 1477 980 1513 magne
1009 1477 1116 1513 puer,

90 1529 154 1568 cui
182 1537 293 1579 pater
320 1537 498 1568 aeternas
527 1538 618 1580 post
646 1531 804 1568 saecula
832 1530 960 1567 tradat
989 1529 1176 1575 habenas,

144 1594 291 1645 quique
320 1609 429 1645 regas
459 1595 597 1633 orbem
627 1609 718 1634 cum
748 1594 903 1633 seniore
932 1607 1063 1632 senex.

89 1660 173 1710 ipsa
202 1660 273 1699 tibi
302 1660 418 1699 niveo
448 1662 575 1699 trahet
602 1674 721 1699 aurea
749 1659 893 1710 pollice
923 1660 988 1697 fila

143 1733 181 1764 et
210 1733 334 1765 totam
364 1725 496 1764 Phrixi
526 1726 628 1765 Iulia
656 1725 767 1765 nebit
796 1738 922 1764 ovem.

620 1828 680 1864 IV

197 1904 350 1942 Censor
379 1902 548 1941 maxime
576 1902 880 1953 principumque
909 1900 1104 1951 princeps,

197 1963 290 2007 cum
318 1976 375 2007 tot
404 1968 482 2006 iarn
512 1968 584 2007 tibi
613 1969 758 2007 debeat
786 1967 1018 2017 triumphos,

196 2041 254 2072 tot
282 2034 485 2072 nascentia
514 2035 675 2083 templa,
705 2041 762 2071 tot
790 2040 936 2079 renata,

196 2106 254 2137 tot
283 2100 519 2148 spectacula,
551 2106 608 2138 tot
638 2100 746 2146 deos,
778 2105 836 2137 tot
865 2097 1005 2136 urbes:

197 2165 285 2214 plus
315 2165 436 2203 debet
465 2164 538 2204 tibi
568 2166 701 2203 Roma
730 2164 839 2214 quod
869 2162 1016 2213 pudica
1045 2169 1113 2200 est.

134 2269 146 2299 I
173 2278 192 2307 5
217 2279 338 2308 magna
352 2269 408 2300 BA

134 2312 183 2343 111
202 2323 221 2343 2
238 2313 373 2344 soboles
389 2313 479 2345 codd.
649 2314 669 2344 6
693 2317 764 2344 toto
784 2311 896 2353 (PQf)
913 2311 962 2342 vel
976 2314 1051 2342 tota
1068 2308 1130 2351 (L)
1148 2309 1201 2338 ΒΑ

90 2360 125 2386 ut
141 2355 204 2387 vid.
223 2367 264 2388 ex
279 2357 375 2387 nubit
391 2356 447 2386 ΒΑ

134 2399 181 2430 1V
199 2410 213 2431 1
232 2400 505 2441 principiumque
523 2400 570 2432 CA

1332 2311 1423 2340 nebit
