1648 2729
774 170 1248 210 EPIGRAMMATON
1278 171 1382 210 LIB,
1415 173 1452 209 X

620 282 722 320 LIII

116 352 189 390 Ille
218 364 291 402 ego
321 365 409 390 sum
439 353 622 402 Scorpus,
654 351 818 390 clamosi
846 352 969 403 gloria
999 352 1114 400 Circi,

168 418 341 467 plausus,
373 418 515 464 Roma,
548 417 605 455 tui
635 417 880 467 deliciaeque
910 417 1060 465 breves,

114 480 248 520 invida
276 495 396 532 quem
426 482 614 521 Lachesis
644 490 800 533 raptum
835 482 1032 522 trieteride
1062 497 1178 530 nona,

168 548 265 586 dum
295 555 477 586 numerat
505 549 669 598 palmas,
700 548 869 587 credidit
898 561 984 587 esse
1014 562 1161 587 senem.

624 645 721 682 LIV

116 715 290 761 Mensas,
323 714 410 761 Ole,
442 714 568 752 bonas
598 714 725 765 ponis,
757 716 828 753 sed
857 714 972 765 ponis
1002 723 1168 766 opertas.

170 778 401 818 Ridiculum
431 787 513 818 est:
552 793 716 830 possum
747 780 803 818 sic
832 793 905 830 ego
935 781 1081 819 habere
1110 781 1247 819 bonas.

625 877 718 914 LVI

115 945 239 993 Totis,
272 947 396 993 Galle,
428 945 541 985 iubes
571 945 642 985 tibi
672 960 735 985 me
765 946 907 986 servire
937 946 1078 986 diebus

167 1019 207 1050 et
235 1025 304 1062 per
333 1011 577 1050 Aventinum
607 1019 664 1050 ter
694 1020 831 1062 quater
865 1011 919 1051 ire
949 1020 1072 1051 tuum.

114 1075 249 1115 eximit
277 1084 345 1114 aut
373 1076 497 1115 reficit
526 1078 688 1115 dentem
719 1076 936 1116 Cascellius
965 1091 1137 1128 aegrum,

168 1140 332 1180 infestos
362 1141 486 1180 oculis
517 1141 605 1188 uris,
640 1141 811 1192 Hygine,
843 1141 945 1192 pilos
962 1157 972 1190 3

114 1220 195 1246 non
225 1214 332 1245 secat
360 1214 400 1245 et
428 1206 530 1245 tollit
559 1206 772 1246 stillantem
803 1207 977 1246 Fannius
1007 1221 1136 1255 uvam,
1434 1226 1451 1256 5

168 1271 291 1310 tristia
319 1285 503 1311 saxorum
532 1272 716 1323 stigmata
744 1273 849 1311 delet
880 1275 978 1311 Eros
993 1288 1003 1321 3

115 1338 426 1375 enterocelarum
455 1338 575 1375 fertur
605 1337 824 1376 Podalirius
856 1339 1052 1376 Hermes:

168 1401 237 1452 qui
265 1409 377 1440 sanet
405 1410 541 1453 ruptos
571 1402 636 1441 dic
665 1402 773 1450 mihi,
806 1404 930 1451 Galle,
962 1403 1049 1453 quis
1079 1405 1169 1442 est?

611 1499 729 1537 LVII

113 1568 278 1619 Argenti
305 1569 445 1608 libram
476 1569 659 1608 mittebas
673 1585 683 1618 3
720 1571 824 1609 facta
851 1570 994 1609 selibra
1021 1579 1092 1618 est,

168 1636 239 1674 sed
268 1634 424 1686 piperis.
482 1635 602 1674 Tanti
632 1649 713 1674 non
743 1649 845 1683 emo,
877 1637 1004 1683 Sexte,
1036 1635 1157 1686 piper.

601 1730 744 1768 LVIII

114 1800 286 1839 Anxuris
314 1800 500 1851 aequorei
528 1799 718 1851 placidos,
751 1799 951 1848 Frontine‚
981 1811 1158 1839 recessus

169 1871 209 1902 et
237 1863 398 1914 propius
429 1863 544 1901 Baias
573 1862 833 1912 litoreamque
862 1864 1040 1910 domurn,

115 1937 154 1967 et
182 1930 292 1979 quod
321 1928 562 1967 inhumanae
591 1941 734 1966 cancro
764 1928 938 1966 fervente
966 1927 1129 1966 cicadae

170 2007 252 2033 non
281 2007 426 2033 novere
456 2007 608 2041 nemus,
641 1992 932 2043 flumineosque
961 1994 1069 2031 lacus

115 2060 211 2098 dum
241 2059 357 2107 colui,
388 2060 527 2098 doctas
555 2066 688 2097 tecum
717 2058 915 2097 celebrare
943 2058 1109 2097 vacabat
1434 2074 1451 2105 5

171 2124 371 2173 Pieridas;
408 2139 515 2164 nunc
544 2138 617 2163 nos
647 2123 818 2162 maxima
848 2125 980 2163 Roma
1008 2124 1106 2162 terit.

162 2229 244 2261 LIII
268 2229 344 2261 lzab.
365 2229 396 2260 T
457 2239 477 2259 2
494 2229 618 2263 ,lausus
635 2227 685 2259 CA
896 2228 973 2259 LIV
994 2228 1070 2259 hab.
1097 2227 1127 2258 T
1191 2239 1204 2260 1
1231 2228 1331 2269 ponis
1348 2227 1454 2257 bonas

115 2273 173 2304 ΒΑ
260 2279 393 2313 apertas
414 2272 444 2303 T
742 2270 816 2302 LVI
842 2281 862 2310 3
887 2272 1052 2303 cascellus
1070 2272 1120 2303 CA
1274 2283 1292 2310 4
1318 2271 1388 2302 oris
1405 2270 1454 2301 CA

116 2318 137 2347 6
160 2327 320 2348 saxorum
352 2317 407 2347 BA
448 2318 638 2357 (seruorum
669 2314 741 2357 P):
786 2325 953 2346 saxonum
983 2316 1055 2346 CA:
1100 2326 1265 2347 noxarum
1296 2315 1455 2346 Heinsius

119 2362 181 2400 7-8
206 2371 271 2391 om.
294 2361 343 2391 CA
359 2360 437 2400 (vid.
457 2360 559 2400 infra)
804 2359 1056 2390 LVII—LXXII
1083 2361 1173 2400 (cum
1192 2358 1268 2390 LVI
1288 2359 1365 2399 7—8)
1383 2369 1450 2389 om.

119 2404 169 2435 CA
187 2404 361 2444 (pluribus
377 2404 465 2443 foliis
487 2403 635 2445 amissis)
937 2403 1031 2434 LVII
1057 2403 1129 2435 hab.
1157 2403 1187 2434 T
1202 2407 1232 2434 et
1249 2405 1342 2444 (post
1357 2401 1450 2442 LIX,

117 2458 260 2489 quocum
278 2447 410 2490 conflat)
423 2448 457 2479 R

1307 2500 1366 2532 16*
