1648 2729
731 150 1201 190 EPIGRAMMATON
1234 151 1337 188 LIB.
1370 150 1429 187 XI

89 262 213 300 ardua
241 274 301 300 res
331 262 429 300 haec
459 269 528 309 est,
561 260 705 312 opibus
735 275 816 300 non
847 263 999 301 tradere
1030 276 1159 302 mores

143 334 193 375 et,
224 340 316 366 cum
346 334 404 366 tot
434 328 604 367 Croesos
633 326 782 375 viceris,
813 341 899 366 esse
930 329 1116 367 Numam.

90 391 130 430 Si
159 393 323 431 redeant
351 399 513 441 veteres,
545 392 719 444 ingentia
748 392 922 441 nomina,
955 401 1094 444 patres,
1413 409 1429 440 5

146 457 324 508 Elysium
353 458 469 497 liceat
497 458 529 497 si
558 472 724 498 vacuare
754 472 921 498 nemus:

90 531 128 562 te
158 525 262 563 colet
291 523 459 562 invictus
489 536 560 574 pro
590 523 769 563 libertate
800 524 1003 571 Camillus,

145 602 284 628 aurum
315 588 518 628 Fabricius
548 597 586 628 te
616 589 813 628 tribuente
843 591 947 628 volet
961 604 971 638 3

91 663 129 693 te
158 656 261 694 duce
289 654 479 705 gaudebit
510 657 664 703 Brutus,
697 654 768 693 tibi
799 656 907 693 Sulla
935 662 1120 694 cruentus

145 719 354 770 imperium
384 721 521 768 tradet,
554 734 644 759 cum
675 720 873 771 positurus
903 720 973 759 erit
989 735 999 769 3
1396 735 1435 758 10

91 793 130 824 et
159 793 197 824 te
226 785 378 836 privato
408 799 500 825 cum
531 786 700 826 Caesare
732 787 903 836 Magnus
933 786 1093 833 amabit,

145 850 312 890 donabit
340 858 442 890 totas
472 858 510 890 et
539 851 609 890 tibi
641 852 806 892 Crassus
835 865 942 903 opes.

92 916 175 967 ipse
205 929 366 967 quoque
394 916 555 956 infernis
584 924 790 955 revocatus
822 917 924 955 Ditis
954 918 1004 956 ab
1035 916 1184 955 umbris

147 981 178 1020 si
208 983 310 1022 Cato
339 983 536 1030 reddatur,
569 982 830 1022 Caesarianus
860 982 942 1022 erit.

623 1127 683 1165 VI

201 1213 341 1253 Vnctis
370 1213 532 1253 falciferi
562 1214 666 1253 senis
696 1213 848 1262 diebus,

201 1286 382 1330 regnator
411 1279 556 1330 quibus
584 1279 737 1331 inperat
766 1279 931 1328 fritillus‚

202 1359 315 1384 versu
344 1346 481 1384 ludere
510 1359 591 1384 non
620 1345 820 1384 laborioso

201 1410 406 1461 permittis,
436 1418 545 1462 puto,
576 1410 735 1461 pilleata
764 1412 906 1449 Roma.

205 1475 341 1515 Risisti
356 1490 366 1524 3
403 1476 495 1515 licet
524 1490 628 1527 ergo,
660 1490 742 1516 non
771 1484 960 1516 vetamur.
1417 1491 1435 1522 5

204 1543 401 1580 Pallentes
430 1544 568 1592 procul
598 1541 691 1581 hinc
719 1541 827 1581 abite
855 1555 972 1581 curae
987 1556 997 1590 3

204 1607 400 1658 quidquid
429 1607 579 1647 venerit
609 1607 772 1648 obvium
802 1609 1012 1658 loquamur

205 1686 362 1712 morosa
390 1673 474 1712 sine
505 1673 755 1724 cogitatione.

206 1738 335 1778 Misce
364 1738 564 1787 dimidios,
596 1753 704 1790 puer,
736 1739 908 1786 trientes,

205 1806 341 1856 quales
372 1806 612 1855 Pythagoras
642 1806 763 1845 dabat
793 1804 957 1852 Neroni,
1400 1820 1438 1841 10

205 1870 338 1918 misce,
371 1870 585 1920 Dindyme,
616 1872 688 1909 sed
716 1869 1024 1920 frequentiores:

205 1949 368 1987 possum
398 1935 453 1975 nil
483 1949 556 1986 ego
586 1935 741 1975 sobrius
755 1950 766 1984 3
805 1934 958 1974 bibenti

205 2008 434 2040 succurrent
463 2000 561 2039 mihi
589 2000 819 2051 quindecim
847 2007 1000 2052 poetae.

209 2068 272 2105 Da
301 2080 408 2105 nunc
437 2066 558 2114 basia,
590 2067 661 2105 sed
691 2066 937 2106 Catulliana:

206 2145 308 2182 quae
337 2131 369 2170 si
398 2139 457 2170 tot
484 2131 628 2170 fuerint
657 2139 755 2182 quot
783 2131 848 2170 ille
877 2130 985 2179 dixit,
1400 2146 1436 2178 15

207 2197 369 2236 donabo
399 2196 471 2236 tibi
500 2199 705 2241 Passerem
736 2196 892 2237 Catulli.

141 2301 173 2332 V
195 2312 214 2340 4
238 2311 378 2333 croceos
405 2301 501 2342 (EA)
530 2301 580 2333 vel
603 2311 743 2332 creceos
769 2299 835 2341 (X)
866 2300 918 2331 CA
1096 2311 1114 2339 7
1139 2304 1171 2330 te
1197 2298 1304 2340 colet]
1331 2299 1438 2331 tholet

102 2345 153 2376 CA
166 2348 203 2376 ut
217 2345 282 2377 vid.
301 2345 424 2385 {tholet
439 2345 517 2384 EA,
535 2346 631 2376 tollet
650 2344 690 2385 V,
710 2349 743 2376 te
759 2345 851 2376 uolet
867 2343 921 2384 X)
939 2343 991 2386 <H
1004 2347 1067 2384 pro
1085 2343 1157 2385 EC)
1306 2354 1327 2384 9
1350 2343 1438 2384 sylla

100 2388 190 2464 megil-
215 2442 234 2473 5
259 2443 329 2464 non
345 2432 424 2465 BA:
447 2443 511 2465 nec
527 2432 577 2464 CA
711 2433 750 2464 16
773 2431 825 2463 vel
838 2441 1013 2472 passerem

1293 2487 1352 2517 17*
