<?xml version="1.0" encoding="UTF-8"?>
<!DOCTYPE html PUBLIC "-//W3C//DTD XHTML 1.0 Transitional//EN"
    "http://www.w3.org/TR/xhtml1/DTD/xhtml1-transitional.dtd">
<html xmlns="http://www.w3.org/1999/xhtml" xml:lang="en" lang="en">
 <head>
  <title>
</title>
<meta http-equiv="Content-Type" content="text/html;charset=utf-8" />
  <meta name='ocr-system' content='tesseract 3.04.00' />
  <meta name='ocr-capabilities' content='ocr_page ocr_carea ocr_par ocr_line ocrx_word'/>
</head>
<body>
  <div class='ocr_page' id='page_1' title='image "./epigrammatasele00martuoft_0044.png"; bbox 0 0 1648 2729; ppageno 0'>
   <div class='ocr_carea' id='block_1_1' title="bbox 202 167 761 205">
    <p class='ocr_par' dir='ltr' id='par_1_1' title="bbox 202 167 761 205">
     <span class='ocr_line' id='line_1_1' title="bbox 202 167 761 205; baseline 0.002 -1"><span class='ocrx_word' id='word_1_1' title='bbox 202 168 259 204; x_wconf 81' lang='lat' dir='ltr'>M.</span> <span class='ocrx_word' id='word_1_2' title='bbox 291 167 414 204; x_wconf 86' lang='lat' dir='ltr'>VAL.</span> <span class='ocrx_word' id='word_1_3' title='bbox 447 167 761 205; x_wconf 87' lang='lat' dir='ltr'>MARTIALIS</span> 
     </span>
    </p>
   </div>
   <div class='ocr_carea' id='block_1_2' title="bbox 308 280 1182 460">
    <p class='ocr_par' dir='ltr' id='par_1_2' title="bbox 308 280 1182 460">
     <span class='ocr_line' id='line_1_2' title="bbox 309 280 1182 331; baseline 0.002 -14"><span class='ocrx_word' id='word_1_4' title='bbox 309 280 474 326; x_wconf 79' lang='lat' dir='ltr'>Tantae,</span> <span class='ocrx_word' id='word_1_5' title='bbox 506 280 669 329; x_wconf 85' lang='lat' dir='ltr'>Regule,</span> <span class='ocrx_word' id='word_1_6' title='bbox 700 286 790 330; x_wconf 90' lang='lat' dir='ltr'>post</span> <span class='ocrx_word' id='word_1_7' title='bbox 820 287 969 318; x_wconf 90' lang='lat' dir='ltr'>metum</span> <span class='ocrx_word' id='word_1_8' title='bbox 1000 282 1182 331; x_wconf 82' lang='lat' dir='ltr'>querelae</span> 
     </span>
     <span class='ocr_line' id='line_1_3' title="bbox 309 344 1092 394; baseline 0.003 -12"><span class='ocrx_word' id='word_1_9' title='bbox 309 344 396 394; x_wconf 88' lang='lat' dir='ltr'>quis</span> <span class='ocrx_word' id='word_1_10' title='bbox 425 357 559 383; x_wconf 90' lang='lat' dir='ltr'>curam</span> <span class='ocrx_word' id='word_1_11' title='bbox 588 353 706 394; x_wconf 85' lang='lat' dir='ltr'>neget</span> <span class='ocrx_word' id='word_1_12' title='bbox 733 358 819 384; x_wconf 89' lang='lat' dir='ltr'>esse</span> <span class='ocrx_word' id='word_1_13' title='bbox 848 353 886 384; x_wconf 88' lang='lat' dir='ltr'>te</span> <span class='ocrx_word' id='word_1_14' title='bbox 915 347 1092 393; x_wconf 88' lang='lat' dir='ltr'>deorum,</span> 
     </span>
     <span class='ocr_line' id='line_1_4' title="bbox 308 409 1105 460; baseline 0.001 -12"><span class='ocrx_word' id='word_1_15' title='bbox 308 417 467 460; x_wconf 90' lang='lat' dir='ltr'>propter</span> <span class='ocrx_word' id='word_1_16' title='bbox 495 423 615 460; x_wconf 89' lang='lat' dir='ltr'>quem</span> <span class='ocrx_word' id='word_1_17' title='bbox 643 410 716 448; x_wconf 84' lang='lat' dir='ltr'>fuit</span> <span class='ocrx_word' id='word_1_18' title='bbox 744 409 936 449; x_wconf 82' lang='lat' dir='ltr'>innocens</span> <span class='ocrx_word' id='word_1_19' title='bbox 965 411 1105 449; x_wconf 90' lang='lat' dir='ltr'>ruina?</span> 
     </span>
    </p>
   </div>
   <div class='ocr_carea' id='block_1_3' title="bbox 668 517 859 554">
    <p class='ocr_par' dir='ltr' id='par_1_3' title="bbox 668 517 859 554">
     <span class='ocr_line' id='line_1_5' title="bbox 668 517 859 554; baseline 0 -1"><span class='ocrx_word' id='word_1_20' title='bbox 668 517 859 554; x_wconf 94' lang='lat' dir='ltr'>LXXXV</span> 
     </span>
    </p>
   </div>
   <div class='ocr_carea' id='block_1_4' title="bbox 200 592 1227 642">
    <p class='ocr_par' dir='ltr' id='par_1_4' title="bbox 200 592 1227 642">
     <span class='ocr_line' id='line_1_6' title="bbox 200 592 1227 642; baseline 0 -13"><span class='ocrx_word' id='word_1_21' title='bbox 200 593 402 631; x_wconf 78' lang='lat' dir='ltr'>Venderet</span> <span class='ocrx_word' id='word_1_22' title='bbox 431 592 606 630; x_wconf 89' lang='lat' dir='ltr'>excultos</span> <span class='ocrx_word' id='word_1_23' title='bbox 635 593 756 630; x_wconf 90' lang='lat' dir='ltr'>colles</span> <span class='ocrx_word' id='word_1_24' title='bbox 785 605 877 630; x_wconf 93' lang='lat' dir='ltr'>cum</span> <span class='ocrx_word' id='word_1_25' title='bbox 907 605 1049 642; x_wconf 87' lang='lat' dir='ltr'>praeco</span> <span class='ocrx_word' id='word_1_26' title='bbox 1078 593 1227 630; x_wconf 81' lang='lat' dir='ltr'>facetus</span> 
     </span>
    </p>
   </div>
   <div class='ocr_carea' id='block_1_5' title="bbox 253 657 1082 708">
    <p class='ocr_par' dir='ltr' id='par_1_5' title="bbox 253 657 1082 708">
     <span class='ocr_line' id='line_1_7' title="bbox 253 657 1082 708; baseline -0.001 -12"><span class='ocrx_word' id='word_1_27' title='bbox 253 667 372 708; x_wconf 79' lang='lat' dir='ltr'>atque</span> <span class='ocrx_word' id='word_1_28' title='bbox 401 657 617 696; x_wconf 83' lang='lat' dir='ltr'>suburbani</span> <span class='ocrx_word' id='word_1_29' title='bbox 646 657 779 708; x_wconf 88' lang='lat' dir='ltr'>iugera</span> <span class='ocrx_word' id='word_1_30' title='bbox 806 659 970 708; x_wconf 84' lang='lat' dir='ltr'>pulchra</span> <span class='ocrx_word' id='word_1_31' title='bbox 998 657 1082 705; x_wconf 90' lang='lat' dir='ltr'>soli,</span> 
     </span>
    </p>
   </div>
   <div class='ocr_carea' id='block_1_6' title="bbox 203 722 1250 772">
    <p class='ocr_par' dir='ltr' id='par_1_6' title="bbox 203 722 1250 772">
     <span class='ocr_line' id='line_1_8' title="bbox 203 722 1250 772; baseline -0.001 -11"><span class='ocrx_word' id='word_1_32' title='bbox 203 724 358 761; x_wconf 90' lang='lat' dir='ltr'>‘Errat&#39;</span> <span class='ocrx_word' id='word_1_33' title='bbox 387 722 440 761; x_wconf 87' lang='lat' dir='ltr'>ait</span> <span class='ocrx_word' id='word_1_34' title='bbox 472 722 525 760; x_wconf 89' lang='lat' dir='ltr'>‘si</span> <span class='ocrx_word' id='word_1_35' title='bbox 554 722 641 772; x_wconf 90' lang='lat' dir='ltr'>quis</span> <span class='ocrx_word' id='word_1_36' title='bbox 672 722 802 761; x_wconf 88' lang='lat' dir='ltr'>Mario</span> <span class='ocrx_word' id='word_1_37' title='bbox 832 730 944 772; x_wconf 90' lang='lat' dir='ltr'>putat</span> <span class='ocrx_word' id='word_1_38' title='bbox 973 735 1059 761; x_wconf 90' lang='lat' dir='ltr'>esse</span> <span class='ocrx_word' id='word_1_39' title='bbox 1087 735 1250 760; x_wconf 89' lang='lat' dir='ltr'>necesse</span> 
     </span>
    </p>
   </div>
   <div class='ocr_carea' id='block_1_7' title="bbox 252 785 1210 836">
    <p class='ocr_par' dir='ltr' id='par_1_7' title="bbox 252 785 1210 836">
     <span class='ocr_line' id='line_1_9' title="bbox 252 785 1210 836; baseline -0.001 -11"><span class='ocrx_word' id='word_1_40' title='bbox 252 790 449 827; x_wconf 89' lang='lat' dir='ltr'>vendere:</span> <span class='ocrx_word' id='word_1_41' title='bbox 488 787 543 825; x_wconf 88' lang='lat' dir='ltr'>nil</span> <span class='ocrx_word' id='word_1_42' title='bbox 572 787 703 834; x_wconf 90' lang='lat' dir='ltr'>debet,</span> <span class='ocrx_word' id='word_1_43' title='bbox 733 788 883 825; x_wconf 88' lang='lat' dir='ltr'>fenerat</span> <span class='ocrx_word' id='word_1_44' title='bbox 911 786 1035 824; x_wconf 87' lang='lat' dir='ltr'>immo</span> <span class='ocrx_word' id='word_1_45' title='bbox 1064 785 1210 836; x_wconf 86' lang='lat' dir='ltr'>magis.&#39;</span> 
     </span>
    </p>
   </div>
   <div class='ocr_carea' id='block_1_8' title="bbox 201 850 1408 902">
    <p class='ocr_par' dir='ltr' id='par_1_8' title="bbox 201 850 1408 902">
     <span class='ocr_line' id='line_1_10' title="bbox 201 850 1408 902; baseline -0.001 -11"><span class='ocrx_word' id='word_1_46' title='bbox 201 855 338 902; x_wconf 87' lang='lat' dir='ltr'>‘Quae</span> <span class='ocrx_word' id='word_1_47' title='bbox 368 853 465 891; x_wconf 85' lang='lat' dir='ltr'>ratio</span> <span class='ocrx_word' id='word_1_48' title='bbox 495 859 553 890; x_wconf 88' lang='lat' dir='ltr'>est</span> <span class='ocrx_word' id='word_1_49' title='bbox 582 851 749 902; x_wconf 85' lang='lat' dir='ltr'>igitur?’</span> <span class='ocrx_word' id='word_1_50' title='bbox 789 853 952 890; x_wconf 84' lang='lat' dir='ltr'>‘Servos</span> <span class='ocrx_word' id='word_1_51' title='bbox 982 850 1037 889; x_wconf 92' lang='lat' dir='ltr'>ibi</span> <span class='ocrx_word' id='word_1_52' title='bbox 1065 850 1238 901; x_wconf 87' lang='lat' dir='ltr'>perdidit</span> <span class='ocrx_word' id='word_1_53' title='bbox 1267 864 1408 890; x_wconf 85' lang='lat' dir='ltr'>omnes</span> 
     </span>
    </p>
   </div>
   <div class='ocr_carea' id='block_1_9' title="bbox 252 915 1255 968">
    <p class='ocr_par' dir='ltr' id='par_1_9' title="bbox 252 915 1255 968">
     <span class='ocr_line' id='line_1_11' title="bbox 252 915 1255 968; baseline -0.002 -12"><span class='ocrx_word' id='word_1_54' title='bbox 252 926 290 956; x_wconf 85' lang='lat' dir='ltr'>et</span> <span class='ocrx_word' id='word_1_55' title='bbox 319 931 440 968; x_wconf 92' lang='lat' dir='ltr'>pecus</span> <span class='ocrx_word' id='word_1_56' title='bbox 470 925 509 955; x_wconf 91' lang='lat' dir='ltr'>et</span> <span class='ocrx_word' id='word_1_57' title='bbox 538 918 696 964; x_wconf 88' lang='lat' dir='ltr'>fructus,</span> <span class='ocrx_word' id='word_1_58' title='bbox 730 929 810 954; x_wconf 91' lang='lat' dir='ltr'>non</span> <span class='ocrx_word' id='word_1_59' title='bbox 839 923 945 954; x_wconf 84' lang='lat' dir='ltr'>amat</span> <span class='ocrx_word' id='word_1_60' title='bbox 974 915 1068 954; x_wconf 90' lang='lat' dir='ltr'>inde</span> <span class='ocrx_word' id='word_1_61' title='bbox 1097 917 1255 955; x_wconf 64' lang='lat' dir='ltr'>locum!</span> 
     </span>
    </p>
   </div>
   <div class='ocr_carea' id='block_1_10' title="bbox 202 980 1317 1032">
    <p class='ocr_par' dir='ltr' id='par_1_10' title="bbox 202 980 1317 1032">
     <span class='ocr_line' id='line_1_12' title="bbox 202 980 1317 1032; baseline -0.002 -11"><span class='ocrx_word' id='word_1_62' title='bbox 202 983 301 1032; x_wconf 86' lang='lat' dir='ltr'>Quis</span> <span class='ocrx_word' id='word_1_63' title='bbox 331 984 475 1021; x_wconf 89' lang='lat' dir='ltr'>faceret</span> <span class='ocrx_word' id='word_1_64' title='bbox 504 981 672 1032; x_wconf 86' lang='lat' dir='ltr'>pretium</span> <span class='ocrx_word' id='word_1_65' title='bbox 703 981 778 1020; x_wconf 88' lang='lat' dir='ltr'>nisi</span> <span class='ocrx_word' id='word_1_66' title='bbox 807 980 874 1031; x_wconf 86' lang='lat' dir='ltr'>qui</span> <span class='ocrx_word' id='word_1_67' title='bbox 904 994 975 1019; x_wconf 91' lang='lat' dir='ltr'>sua</span> <span class='ocrx_word' id='word_1_68' title='bbox 1003 982 1169 1031; x_wconf 87' lang='lat' dir='ltr'>perdere</span> <span class='ocrx_word' id='word_1_69' title='bbox 1198 983 1317 1020; x_wconf 88' lang='lat' dir='ltr'>vellet</span> 
     </span>
    </p>
   </div>
   <div class='ocr_carea' id='block_1_11' title="bbox 253 1045 1141 1095">
    <p class='ocr_par' dir='ltr' id='par_1_11' title="bbox 253 1045 1141 1095">
     <span class='ocr_line' id='line_1_13' title="bbox 253 1045 1141 1095; baseline 0 -9"><span class='ocrx_word' id='word_1_70' title='bbox 253 1047 416 1087; x_wconf 84' lang='lat' dir='ltr'>omnia?</span> <span class='ocrx_word' id='word_1_71' title='bbox 454 1047 517 1086; x_wconf 89' lang='lat' dir='ltr'>Sic</span> <span class='ocrx_word' id='word_1_72' title='bbox 548 1046 678 1085; x_wconf 85' lang='lat' dir='ltr'>Mario</span> <span class='ocrx_word' id='word_1_73' title='bbox 707 1045 846 1084; x_wconf 85' lang='lat' dir='ltr'>noxius</span> <span class='ocrx_word' id='word_1_74' title='bbox 876 1046 1010 1084; x_wconf 90' lang='lat' dir='ltr'>haeret</span> <span class='ocrx_word' id='word_1_75' title='bbox 1039 1059 1141 1095; x_wconf 86' lang='lat' dir='ltr'>ager.</span> 
     </span>
    </p>
   </div>
   <div class='ocr_carea' id='block_1_12' title="bbox 603 1146 817 1183">
    <p class='ocr_par' dir='ltr' id='par_1_12' title="bbox 603 1146 817 1183">
     <span class='ocr_line' id='line_1_14' title="bbox 603 1146 817 1183; baseline 0 0"><span class='ocrx_word' id='word_1_76' title='bbox 603 1146 817 1183; x_wconf 91' lang='lat' dir='ltr'>LXXXVI</span> 
     </span>
    </p>
   </div>
   <div class='ocr_carea' id='block_1_13' title="bbox 304 1219 1376 2054">
    <p class='ocr_par' dir='ltr' id='par_1_13' title="bbox 305 1219 1065 1271">
     <span class='ocr_line' id='line_1_15' title="bbox 305 1219 1065 1271; baseline -0.003 -11"><span class='ocrx_word' id='word_1_77' title='bbox 305 1222 471 1262; x_wconf 82' lang='lat' dir='ltr'>Vicinus</span> <span class='ocrx_word' id='word_1_78' title='bbox 500 1235 612 1260; x_wconf 89' lang='lat' dir='ltr'>meus</span> <span class='ocrx_word' id='word_1_79' title='bbox 642 1229 700 1260; x_wconf 90' lang='lat' dir='ltr'>est</span> <span class='ocrx_word' id='word_1_80' title='bbox 730 1234 929 1271; x_wconf 86' lang='lat' dir='ltr'>manuque</span> <span class='ocrx_word' id='word_1_81' title='bbox 959 1219 1065 1271; x_wconf 81' lang='lat' dir='ltr'>tangi</span> 
     </span>
    </p>

    <p class='ocr_par' dir='ltr' id='par_1_14' title="bbox 305 1285 1089 1336">
     <span class='ocr_line' id='line_1_16' title="bbox 305 1285 1089 1336; baseline -0.005 -9"><span class='ocrx_word' id='word_1_82' title='bbox 305 1289 356 1327; x_wconf 90' lang='lat' dir='ltr'>de</span> <span class='ocrx_word' id='word_1_83' title='bbox 385 1286 527 1326; x_wconf 88' lang='lat' dir='ltr'>nostris</span> <span class='ocrx_word' id='word_1_84' title='bbox 557 1286 710 1324; x_wconf 82' lang='lat' dir='ltr'>Novius</span> <span class='ocrx_word' id='word_1_85' title='bbox 739 1294 871 1336; x_wconf 86' lang='lat' dir='ltr'>potest</span> <span class='ocrx_word' id='word_1_86' title='bbox 898 1285 1089 1324; x_wconf 84' lang='lat' dir='ltr'>fenestris.</span> 
     </span>
    </p>

    <p class='ocr_par' dir='ltr' id='par_1_15' title="bbox 305 1350 1054 1404">
     <span class='ocr_line' id='line_1_17' title="bbox 305 1350 1054 1404; baseline -0.004 -13"><span class='ocrx_word' id='word_1_87' title='bbox 305 1353 393 1404; x_wconf 88' lang='lat' dir='ltr'>quis</span> <span class='ocrx_word' id='word_1_88' title='bbox 423 1366 504 1391; x_wconf 90' lang='lat' dir='ltr'>non</span> <span class='ocrx_word' id='word_1_89' title='bbox 533 1351 708 1390; x_wconf 90' lang='lat' dir='ltr'>invideat</span> <span class='ocrx_word' id='word_1_90' title='bbox 737 1350 834 1389; x_wconf 87' lang='lat' dir='ltr'>mihi</span> <span class='ocrx_word' id='word_1_91' title='bbox 862 1358 1054 1400; x_wconf 85' lang='lat' dir='ltr'>putetque</span> 
     </span>
    </p>

    <p class='ocr_par' dir='ltr' id='par_1_16' title="bbox 305 1417 1036 1461">
     <span class='ocr_line' id='line_1_18' title="bbox 305 1417 1036 1461; baseline -0.004 -5"><span class='ocrx_word' id='word_1_92' title='bbox 305 1417 411 1457; x_wconf 89' lang='lat' dir='ltr'>horis</span> <span class='ocrx_word' id='word_1_93' title='bbox 440 1417 626 1456; x_wconf 88' lang='lat' dir='ltr'>omnibus</span> <span class='ocrx_word' id='word_1_94' title='bbox 656 1430 741 1455; x_wconf 87' lang='lat' dir='ltr'>esse</span> <span class='ocrx_word' id='word_1_95' title='bbox 770 1430 834 1455; x_wconf 91' lang='lat' dir='ltr'>me</span> <span class='ocrx_word' id='word_1_96' title='bbox 864 1417 1036 1461; x_wconf 84' lang='lat' dir='ltr'>beatum,</span> 
     </span>
    </p>

    <p class='ocr_par' dir='ltr' id='par_1_17' title="bbox 306 1482 980 1522">
     <span class='ocr_line' id='line_1_19' title="bbox 306 1482 980 1522; baseline -0.004 0"><span class='ocrx_word' id='word_1_97' title='bbox 306 1485 442 1522; x_wconf 90' lang='lat' dir='ltr'>iuncto</span> <span class='ocrx_word' id='word_1_98' title='bbox 471 1483 535 1522; x_wconf 89' lang='lat' dir='ltr'>cui</span> <span class='ocrx_word' id='word_1_99' title='bbox 563 1483 679 1521; x_wconf 87' lang='lat' dir='ltr'>liceat</span> <span class='ocrx_word' id='word_1_100' title='bbox 707 1482 782 1520; x_wconf 90' lang='lat' dir='ltr'>frui</span> <span class='ocrx_word' id='word_1_101' title='bbox 811 1483 980 1520; x_wconf 91' lang='lat' dir='ltr'>sodale?</span> 
     </span>
    </p>

    <p class='ocr_par' dir='ltr' id='par_1_18' title="bbox 305 1545 1219 1664">
     <span class='ocr_line' id='line_1_20' title="bbox 305 1545 1219 1598; baseline -0.004 -11"><span class='ocrx_word' id='word_1_102' title='bbox 305 1551 407 1587; x_wconf 89' lang='lat' dir='ltr'>Tam</span> <span class='ocrx_word' id='word_1_103' title='bbox 436 1550 553 1598; x_wconf 83' lang='lat' dir='ltr'>longe</span> <span class='ocrx_word' id='word_1_104' title='bbox 582 1555 641 1586; x_wconf 89' lang='lat' dir='ltr'>est</span> <span class='ocrx_word' id='word_1_105' title='bbox 670 1547 767 1586; x_wconf 87' lang='lat' dir='ltr'>mihi</span> <span class='ocrx_word' id='word_1_106' title='bbox 796 1560 916 1597; x_wconf 86' lang='lat' dir='ltr'>quam</span> <span class='ocrx_word' id='word_1_107' title='bbox 945 1545 1219 1592; x_wconf 84' lang='lat' dir='ltr'>Terentianus,</span> 
     </span>
     <span class='ocr_line' id='line_1_21' title="bbox 306 1611 1060 1664; baseline -0.004 -12"><span class='ocrx_word' id='word_1_108' title='bbox 306 1614 374 1664; x_wconf 86' lang='lat' dir='ltr'>qui</span> <span class='ocrx_word' id='word_1_109' title='bbox 404 1627 511 1652; x_wconf 88' lang='lat' dir='ltr'>nunc</span> <span class='ocrx_word' id='word_1_110' title='bbox 541 1613 736 1651; x_wconf 86' lang='lat' dir='ltr'>Niliacam</span> <span class='ocrx_word' id='word_1_111' title='bbox 766 1611 863 1662; x_wconf 83' lang='lat' dir='ltr'>regit</span> <span class='ocrx_word' id='word_1_112' title='bbox 892 1613 1060 1661; x_wconf 90' lang='lat' dir='ltr'>Syenen.</span> 
     </span>
    </p>

    <p class='ocr_par' dir='ltr' id='par_1_19' title="bbox 305 1676 1080 1724">
     <span class='ocr_line' id='line_1_22' title="bbox 305 1676 1080 1724; baseline -0.005 -6"><span class='ocrx_word' id='word_1_113' title='bbox 305 1692 387 1717; x_wconf 94' lang='lat' dir='ltr'>non</span> <span class='ocrx_word' id='word_1_114' title='bbox 416 1678 634 1724; x_wconf 84' lang='lat' dir='ltr'>convivere,</span> <span class='ocrx_word' id='word_1_115' title='bbox 666 1691 740 1716; x_wconf 90' lang='lat' dir='ltr'>nec</span> <span class='ocrx_word' id='word_1_116' title='bbox 768 1676 901 1716; x_wconf 89' lang='lat' dir='ltr'>videre</span> <span class='ocrx_word' id='word_1_117' title='bbox 930 1677 1080 1723; x_wconf 86' lang='lat' dir='ltr'>saltem,</span> 
     </span>
    </p>

    <p class='ocr_par' dir='ltr' id='par_1_20' title="bbox 304 1742 1376 1988">
     <span class='ocr_line' id='line_1_23' title="bbox 306 1742 1034 1789; baseline -0.004 -7"><span class='ocrx_word' id='word_1_118' title='bbox 306 1757 387 1783; x_wconf 89' lang='lat' dir='ltr'>non</span> <span class='ocrx_word' id='word_1_119' title='bbox 416 1743 552 1782; x_wconf 88' lang='lat' dir='ltr'>audire</span> <span class='ocrx_word' id='word_1_120' title='bbox 582 1743 683 1789; x_wconf 87' lang='lat' dir='ltr'>licet,</span> <span class='ocrx_word' id='word_1_121' title='bbox 715 1756 789 1781; x_wconf 93' lang='lat' dir='ltr'>nec</span> <span class='ocrx_word' id='word_1_122' title='bbox 818 1742 915 1780; x_wconf 91' lang='lat' dir='ltr'>urbe</span> <span class='ocrx_word' id='word_1_123' title='bbox 945 1749 1034 1788; x_wconf 15' lang='lat' dir='ltr'>tota&gt;</span> 
     </span>
     <span class='ocr_line' id='line_1_24' title="bbox 305 1805 1376 1859; baseline -0.002 -12"><span class='ocrx_word' id='word_1_124' title='bbox 305 1809 515 1859; x_wconf 86' lang='lat' dir='ltr'>quisquam</span> <span class='ocrx_word' id='word_1_125' title='bbox 545 1816 603 1846; x_wconf 85' lang='lat' dir='ltr'>est</span> <span class='ocrx_word' id='word_1_126' title='bbox 633 1816 711 1846; x_wconf 87' lang='lat' dir='ltr'>tarn</span> <span class='ocrx_word' id='word_1_127' title='bbox 741 1820 865 1858; x_wconf 88' lang='lat' dir='ltr'>prope</span> <span class='ocrx_word' id='word_1_128' title='bbox 893 1814 974 1845; x_wconf 87' lang='lat' dir='ltr'>tam</span> <span class='ocrx_word' id='word_1_129' title='bbox 1003 1807 1222 1856; x_wconf 87' lang='lat' dir='ltr'>proculque</span> <span class='ocrx_word' id='word_1_130' title='bbox 1250 1805 1376 1845; x_wconf 91' lang='lat' dir='ltr'>nobis.</span> 
     </span>
     <span class='ocr_line' id='line_1_25' title="bbox 306 1871 1133 1924; baseline -0.004 -12"><span class='ocrx_word' id='word_1_131' title='bbox 306 1874 562 1924; x_wconf 83' lang='lat' dir='ltr'>Migrandum</span> <span class='ocrx_word' id='word_1_132' title='bbox 592 1881 650 1912; x_wconf 89' lang='lat' dir='ltr'>est</span> <span class='ocrx_word' id='word_1_133' title='bbox 679 1872 776 1911; x_wconf 91' lang='lat' dir='ltr'>mihi</span> <span class='ocrx_word' id='word_1_134' title='bbox 805 1872 960 1922; x_wconf 88' lang='lat' dir='ltr'>longius</span> <span class='ocrx_word' id='word_1_135' title='bbox 989 1873 1051 1910; x_wconf 91' lang='lat' dir='ltr'>vel</span> <span class='ocrx_word' id='word_1_136' title='bbox 1080 1871 1133 1909; x_wconf 91' lang='lat' dir='ltr'>illi</span> 
     </span>
     <span class='ocr_line' id='line_1_26' title="bbox 304 1937 950 1988; baseline -0.005 -10"><span class='ocrx_word' id='word_1_137' title='bbox 304 1940 455 1978; x_wconf 89' lang='lat' dir='ltr'>vicinus</span> <span class='ocrx_word' id='word_1_138' title='bbox 485 1939 616 1977; x_wconf 90' lang='lat' dir='ltr'>Novio</span> <span class='ocrx_word' id='word_1_139' title='bbox 644 1940 705 1976; x_wconf 91' lang='lat' dir='ltr'>vel</span> <span class='ocrx_word' id='word_1_140' title='bbox 734 1937 950 1988; x_wconf 85' lang='lat' dir='ltr'>inquilinus</span> 
     </span>
    </p>

    <p class='ocr_par' dir='ltr' id='par_1_21' title="bbox 305 2002 1143 2054">
     <span class='ocr_line' id='line_1_27' title="bbox 305 2002 1143 2054; baseline -0.004 -12"><span class='ocrx_word' id='word_1_141' title='bbox 305 2005 364 2051; x_wconf 88' lang='lat' dir='ltr'>sit,</span> <span class='ocrx_word' id='word_1_142' title='bbox 397 2004 427 2042; x_wconf 91' lang='lat' dir='ltr'>si</span> <span class='ocrx_word' id='word_1_143' title='bbox 457 2003 544 2054; x_wconf 84' lang='lat' dir='ltr'>quis</span> <span class='ocrx_word' id='word_1_144' title='bbox 575 2003 750 2042; x_wconf 88' lang='lat' dir='ltr'>Novium</span> <span class='ocrx_word' id='word_1_145' title='bbox 778 2002 911 2042; x_wconf 89' lang='lat' dir='ltr'>videre</span> <span class='ocrx_word' id='word_1_146' title='bbox 941 2015 1022 2040; x_wconf 93' lang='lat' dir='ltr'>non</span> <span class='ocrx_word' id='word_1_147' title='bbox 1051 2003 1143 2040; x_wconf 88' lang='lat' dir='ltr'>volt.</span> 
     </span>
    </p>
   </div>
   <div class='ocr_carea' id='block_1_14' title="bbox 628 2103 890 2139">
    <p class='ocr_par' dir='ltr' id='par_1_22' title="bbox 628 2103 890 2139">
     <span class='ocr_line' id='line_1_28' title="bbox 628 2103 890 2139; baseline 0 0"><span class='ocrx_word' id='word_1_148' title='bbox 628 2103 890 2139; x_wconf 89' lang='lat' dir='ltr'>LXXXVIII</span> 
     </span>
    </p>
   </div>
   <div class='ocr_carea' id='block_1_15' title="bbox 196 2180 1329 2235">
    <p class='ocr_par' dir='ltr' id='par_1_23' title="bbox 196 2180 1329 2235">
     <span class='ocr_line' id='line_1_29' title="bbox 196 2180 1329 2235; baseline -0.005 -10"><span class='ocrx_word' id='word_1_149' title='bbox 196 2186 362 2232; x_wconf 80' lang='lat' dir='ltr'>Alcime,</span> <span class='ocrx_word' id='word_1_150' title='bbox 395 2198 513 2235; x_wconf 87' lang='lat' dir='ltr'>quem</span> <span class='ocrx_word' id='word_1_151' title='bbox 543 2191 697 2233; x_wconf 89' lang='lat' dir='ltr'>raptum</span> <span class='ocrx_word' id='word_1_152' title='bbox 727 2182 892 2221; x_wconf 91' lang='lat' dir='ltr'>domino</span> <span class='ocrx_word' id='word_1_153' title='bbox 921 2181 1187 2221; x_wconf 89' lang='lat' dir='ltr'>crescentibus</span> <span class='ocrx_word' id='word_1_154' title='bbox 1216 2180 1329 2219; x_wconf 89' lang='lat' dir='ltr'>annis</span> 
     </span>
    </p>
   </div>
   <div class='ocr_carea' id='block_1_16' title="bbox 253 2247 1069 2297">
    <p class='ocr_par' dir='ltr' id='par_1_24' title="bbox 253 2247 1069 2297">
     <span class='ocr_line' id='line_1_30' title="bbox 253 2247 1069 2297; baseline -0.005 -8"><span class='ocrx_word' id='word_1_155' title='bbox 253 2250 448 2289; x_wconf 79' lang='lat' dir='ltr'>Lavicana</span> <span class='ocrx_word' id='word_1_156' title='bbox 476 2248 552 2287; x_wconf 81' lang='lat' dir='ltr'>levi</span> <span class='ocrx_word' id='word_1_157' title='bbox 582 2247 753 2297; x_wconf 87' lang='lat' dir='ltr'>caespite</span> <span class='ocrx_word' id='word_1_158' title='bbox 781 2249 884 2286; x_wconf 85' lang='lat' dir='ltr'>velat</span> <span class='ocrx_word' id='word_1_159' title='bbox 913 2249 1069 2293; x_wconf 91' lang='lat' dir='ltr'>humus,</span> 
     </span>
    </p>
   </div>
   <div class='ocr_carea' id='block_1_17' title="bbox 1497 363 1536 384">
    <p class='ocr_par' dir='ltr' id='par_1_25' title="bbox 1497 363 1536 384">
     <span class='ocr_line' id='line_1_31' title="bbox 1497 363 1536 384; baseline 0 0"><span class='ocrx_word' id='word_1_160' title='bbox 1497 363 1536 384; x_wconf 87' lang='lat'>10</span> 
     </span>
    </p>
   </div>
   <div class='ocr_carea' id='block_1_18' title="bbox 1495 1823 1532 1845">
    <p class='ocr_par' dir='ltr' id='par_1_26' title="bbox 1495 1823 1532 1845">
     <span class='ocr_line' id='line_1_32' title="bbox 1495 1823 1532 1845; baseline -0.027 0"><span class='ocrx_word' id='word_1_161' title='bbox 1495 1823 1532 1845; x_wconf 83' lang='lat'>10</span> 
     </span>
    </p>
   </div>
   <div class='ocr_carea' id='block_1_19' title="bbox 240 2349 1526 2392">
    <p class='ocr_par' dir='ltr' id='par_1_27' title="bbox 240 2349 1526 2392">
     <span class='ocr_line' id='line_1_33' title="bbox 240 2349 1526 2392; baseline -0.005 -6"><span class='ocrx_word' id='word_1_162' title='bbox 240 2354 421 2386; x_wconf 86' lang='lat' dir='ltr'>LXXXVI</span> <span class='ocrx_word' id='word_1_163' title='bbox 439 2352 511 2384; x_wconf 76' lang='lat' dir='ltr'>hab.</span> <span class='ocrx_word' id='word_1_164' title='bbox 534 2352 564 2383; x_wconf 89' lang='lat' dir='ltr'><em>T</em></span> <span class='ocrx_word' id='word_1_165' title='bbox 640 2360 660 2390; x_wconf 88' lang='lat'>5</span> <span class='ocrx_word' id='word_1_166' title='bbox 681 2351 761 2392; x_wconf 87' lang='lat' dir='ltr'>frui]</span> <span class='ocrx_word' id='word_1_167' title='bbox 781 2351 855 2390; x_wconf 83' lang='lat' dir='ltr'>frigi</span> <span class='ocrx_word' id='word_1_168' title='bbox 874 2350 904 2381; x_wconf 91' lang='lat' dir='ltr'><em>T</em></span> <span class='ocrx_word' id='word_1_169' title='bbox 981 2360 998 2389; x_wconf 94' lang='lat'><strong>7</strong></span> <span class='ocrx_word' id='word_1_170' title='bbox 1017 2349 1101 2391; x_wconf 84' lang='lat' dir='ltr'>Ni1.]</span> <span class='ocrx_word' id='word_1_171' title='bbox 1121 2350 1250 2380; x_wconf 84' lang='lat' dir='ltr'>iliacam</span> <span class='ocrx_word' id='word_1_172' title='bbox 1264 2349 1341 2380; x_wconf 72' lang='lat' dir='ltr'>BA:</span> <span class='ocrx_word' id='word_1_173' title='bbox 1363 2349 1526 2382; x_wconf 84' lang='lat' dir='ltr'>miliacam</span> 
     </span>
    </p>
   </div>
   <div class='ocr_carea' id='block_1_20' title="bbox 197 2400 246 2431">
    <p class='ocr_par' dir='ltr' id='par_1_28' title="bbox 197 2400 246 2431">
     <span class='ocr_line' id='line_1_34' title="bbox 197 2400 246 2431; baseline 0 -10"><span class='ocrx_word' id='word_1_174' title='bbox 197 2400 246 2431; x_wconf 79' lang='lat' dir='ltr'>CA</span> 
     </span>
    </p>
   </div>
   <div class='ocr_carea' id='block_1_21' title="bbox 355 2393 1436 2435">
    <p class='ocr_par' dir='ltr' id='par_1_29' title="bbox 355 2393 1436 2435">
     <span class='ocr_line' id='line_1_35' title="bbox 355 2393 1436 2435; baseline -0.004 -7"><span class='ocrx_word' id='word_1_175' title='bbox 355 2400 375 2428; x_wconf 89' lang='lat'>8</span> <span class='ocrx_word' id='word_1_176' title='bbox 400 2407 464 2428; x_wconf 89' lang='lat' dir='ltr'>nec</span> <span class='ocrx_word' id='word_1_177' title='bbox 481 2407 512 2428; x_wconf 89' lang='lat' dir='ltr'>u.</span> <span class='ocrx_word' id='word_1_178' title='bbox 531 2394 666 2425; x_wconf 67' lang='lat' dir='ltr'><strong>AACA:</strong></span> <span class='ocrx_word' id='word_1_179' title='bbox 690 2405 757 2425; x_wconf 88' lang='lat' dir='ltr'>non</span> <span class='ocrx_word' id='word_1_180' title='bbox 776 2405 807 2425; x_wconf 92' lang='lat' dir='ltr'>u.</span> <span class='ocrx_word' id='word_1_181' title='bbox 826 2394 880 2424; x_wconf 73' lang='grc' dir='ltr'>ΒΑ</span> <span class='ocrx_word' id='word_1_182' title='bbox 1003 2403 1041 2423; x_wconf 86' lang='lat'>12</span> <span class='ocrx_word' id='word_1_183' title='bbox 1064 2393 1132 2435; x_wconf 89' lang='lat' dir='ltr'>vel]</span> <span class='ocrx_word' id='word_1_184' title='bbox 1151 2398 1188 2424; x_wconf 89' lang='lat' dir='ltr'>ut</span> <span class='ocrx_word' id='word_1_185' title='bbox 1206 2394 1261 2424; x_wconf 75' lang='grc' dir='ltr'>ΒΑ</span> <span class='ocrx_word' id='word_1_186' title='bbox 1277 2394 1354 2434; x_wconf 82' lang='lat' dir='ltr'>(pro</span> <span class='ocrx_word' id='word_1_187' title='bbox 1371 2393 1436 2434; x_wconf 58' lang='lat' dir='ltr'>vel&gt;</span> 
     </span>
    </p>
   </div>
   <div class='ocr_carea' id='block_1_22' title="bbox 241 2439 601 2473">
    <p class='ocr_par' dir='ltr' id='par_1_30' title="bbox 241 2439 601 2473">
     <span class='ocr_line' id='line_1_36' title="bbox 241 2439 601 2473; baseline -0.011 0"><span class='ocrx_word' id='word_1_188' title='bbox 241 2440 456 2473; x_wconf 89' lang='lat' dir='ltr'>LXXXVIII</span> <span class='ocrx_word' id='word_1_189' title='bbox 474 2440 545 2470; x_wconf 73' lang='lat' dir='ltr'>lmb.</span> <span class='ocrx_word' id='word_1_190' title='bbox 572 2439 601 2470; x_wconf 89' lang='lat' dir='ltr'><em>T</em></span> 
     </span>
    </p>
   </div>
  </div>
 </body>
</html>
