1648 2729
723 106 1193 145 EPIGRAMMATON
1224 106 1329 143 LIB.
1360 106 1419 142 VI

84 217 147 256 vix
176 225 362 268 tangente
391 229 509 267 vagos
539 217 640 255 ferro
669 229 844 254 resecare
874 216 1037 266 capillos

138 285 280 322 doctus
309 291 348 321 et
377 282 544 320 hirsutas
574 281 792 320 excoluisse
820 294 951 331 genas.
1015 316 1025 319 ,

84 348 136 387 sis
165 348 268 395 licet,
299 355 342 386 ut
371 348 505 394 debes,
538 348 664 393 tellus,
695 347 850 396 placata
878 345 1066 396 levisque,
1405 362 1422 393 5

137 413 295 452 artificis
324 412 446 451 levior
475 425 555 450 non
585 419 699 462 potes
729 424 815 449 esse
844 424 975 449 manu.

595 511 699 548 LIII

85 583 209 620 Lotus
239 580 448 620 nobiscum
479 588 549 627 est,
580 579 711 618 hilaris
741 580 908 628 cenavit,
939 588 978 619 et
1006 579 1114 619 idem

138 647 320 685 inventus
350 659 467 684 mane
497 653 556 684 est
585 653 763 684 mortuus
791 647 1055 695 Andragoras.

84 714 186 750 Tam
216 711 370 750 subitae
399 710 535 749 mortis
565 723 736 758 causam,
769 710 966 758 Faustine‚
999 710 1194 760 requiris?

140 778 187 815 In
218 776 367 815 somnis
398 775 598 814 medicum
627 775 778 814 viderat
808 778 1111 814 Hermocraten.

611 875 684 911 LV

142 943 145 945 ’
195 946 318 994 Quod
348 957 504 994 semper
534 944 719 994 casiaque
749 943 1017 994 cinnamoque

193 1018 231 1049 et
259 1010 356 1049 nido
385 1009 494 1060 niger
522 1008 623 1047 alitis
653 1009 847 1059 superbae

193 1077 337 1125 fragras
367 1075 557 1125 plumbea
586 1074 853 1121 Nicerotiana,

192 1140 296 1180 rides
325 1154 409 1187 nos,
443 1139 648 1187 Coracine‚
681 1139 736 1177 nil
766 1139 933 1178 olentis:

193 1207 298 1245 malo
328 1219 447 1256 quam
478 1206 582 1244 bene
611 1206 716 1243 olere
746 1204 801 1243 nil
831 1206 947 1243 olere.
1407 1220 1423 1250 5

590 1304 708 1341 LVII

88 1375 269 1414 Mentiris
299 1376 411 1414 fictos
441 1382 656 1425 unguento,
689 1374 864 1421 Phoebe,
896 1373 1058 1424 capillos

140 1449 178 1480 et
207 1441 349 1491 tegitur
377 1440 491 1491 pictis
522 1440 682 1478 sordida
712 1441 821 1478 calva
850 1439 986 1478 cornis.

85 1514 286 1545 tonsorem
317 1505 435 1556 capiti
464 1519 546 1544 non
575 1513 634 1544 est
662 1505 852 1544 adhibere
882 1518 1070 1543 necesse:

140 1573 275 1611 radere
304 1579 342 1610 te
372 1571 512 1610 melius
542 1584 727 1622 spongea,
761 1571 939 1618 Phoebe,
968 1577 1109 1620 potest.

574 1668 718 1704 LVIII

87 1739 258 1777 Cernere
288 1737 515 1776 Parrhasios
544 1739 641 1776 dum
671 1744 710 1775 te
739 1736 855 1782 iuvat,
888 1737 1002 1783 Aule,
1033 1735 1180 1774 triones

140 1803 363 1842 comminus
394 1810 432 1841 et
462 1802 592 1842 Getici
621 1802 750 1840 sidera
777 1801 886 1852 pigra
914 1800 1007 1851 poli,

86 1883 110 1908 o
140 1882 259 1919 quarn
288 1881 415 1918 paene
444 1867 515 1905 tibi
545 1866 695 1916 Stygias
725 1879 798 1916 ego
827 1873 960 1915 raptus
989 1866 1040 1904 ad
1069 1866 1197 1904 undas

141 1933 298 1984 Elysiae
325 1933 406 1971 vidi
435 1932 572 1971 nubila
600 1933 711 1970 fusca
739 1933 900 1981 plagae!

87 1998 266 2050 quamvis
295 2000 397 2037 lassa
425 2006 514 2036 tuos
544 1997 788 2047 quaerebant
816 1995 967 2034 lumina
996 1997 1126 2034 vultus
1407 2013 1423 2043 5

139 2073 259 2115 atque
288 2071 369 2102 erat
398 2063 438 2101 in
467 2063 599 2114 gelido
628 2061 819 2113 plurimus
849 2074 916 2099 ore
946 2062 1118 2099 Pudens.

129 2180 149 2209 3
171 2179 280 2208 vagus
297 2171 335 2198 ut
348 2167 412 2199 vid.
433 2166 484 2198 CA
594 2176 613 2205 5
638 2171 675 2197 ut
692 2164 812 2205 debes]
830 2165 963 2195 uidebis
982 2164 1031 2195 CA

131 2213 212 2243 L111
238 2212 310 2243 hab.
335 2211 365 2242 T
488 2221 511 2241 2
535 2211 749 2250 andragorus
767 2213 804 2239 ut
818 2208 881 2240 vid.
902 2208 953 2240 CA

132 2257 190 2287 LV
213 2267 232 2294 4
257 2255 406 2286 coricine
422 2255 476 2285 BA

131 2299 224 2330 LVII
249 2299 324 2330 hab.
348 2298 409 2329 TR
499 2308 514 2328 1
542 2297 630 2329 fictis
648 2296 697 2327 CA
786 2307 806 2335 3
830 2295 952 2335 capitis
967 2294 1001 2325 R

131 2343 241 2373 LVIII
270 2353 284 2372 1
312 2342 463 2382 parrasio
480 2341 537 2372 ΒΑ
646 2351 666 2371 2
691 2350 719 2372 e.
738 2350 775 2370 es
793 2340 888 2371 cetici
908 2339 957 2369 CA
1055 2340 1151 2379 pigra
1166 2340 1223 2370 ΒΑ
1266 2339 1357 2371 ferre
1376 2340 1423 2369 C··x

86 2388 107 2416 6
131 2387 240 2427 pudor
253 2386 309 2417 BA
