1648 2729
723 153 1194 193 EPIGRAMMATON
1226 155 1330 192 LIB.
1364 155 1423 192 IX

194 270 233 303 et
262 276 362 313 quos
382 263 497 314 Ἀρες
518 262 631 313 ’‘Apes-
659 263 775 301 decet
805 276 971 302 sonare:
1388 282 1423 313 15

195 328 312 367 nobis
341 342 423 367 non
452 328 544 367 licet
572 341 658 367 esse
687 335 768 366 tam
798 327 952 367 disertis

197 393 266 444 qui
297 395 435 433 Musas
465 393 633 432 colimus
663 392 886 432 severiores.

518 495 603 533 >411
634 495 778 546 (><111>

89 567 249 604 Nomen
279 565 402 603 habes
432 564 555 604 teneri
585 566 695 615 quod
725 573 905 616 tempora
934 574 1137 615 nuncupat
1166 567 1270 613 anni,

142 643 234 669 cum
263 630 382 669 breve
412 629 631 680 Cecropiae
659 644 727 669 ver
754 633 995 681 populantur
1023 645 1142 682 apes:

88 708 236 734 nornen
266 694 448 734 Acidalia
477 695 619 733 meruit
649 696 758 745 quod
788 696 1010 735 harundine
1039 696 1156 747 pingi,

143 762 253 811 quod
284 761 480 810 Cytherea
509 774 579 799 sua
609 761 779 800 scribere
807 763 953 811 gaudet
982 776 1055 800 acu
1071 777 1080 810 3

90 840 238 865 nomen
270 825 493 876 Erythraeis
524 827 633 876 quod
662 826 790 865 littera
818 828 922 865 facta
950 827 1102 877 lapillis,
1408 844 1425 876 5

141 905 300 942 gemma
328 893 438 941 quod
469 891 689 930 Heliadum
718 892 862 942 pollice
891 892 980 930 trita
1008 900 1119 931 notet
1135 907 1143 939 ;

90 958 200 1008 quod
229 956 352 1007 pinna
380 956 576 995 scribente
605 970 718 1007 grues
748 958 798 995 ad
828 956 957 995 sidera
990 959 1156 1004 tollant3

143 1023 254 1072 quod
282 1023 398 1061 decet
428 1021 467 1060 in
498 1023 582 1060 sola
611 1021 790 1061 Caesaris
820 1035 906 1061 esse
935 1024 1068 1061 domo.

519 1132 627 1169 §4111
659 1130 779 1182 (><11)

90 1202 130 1242 Si
159 1204 270 1242 daret
298 1210 513 1241 autumnus
543 1201 640 1240 mihi
670 1215 829 1249 nomen,
861 1202 1061 1252 Oporinos
1091 1216 1229 1249 essem,

144 1267 303 1307 horrida
332 1267 364 1306 si
392 1268 556 1306 brumae
586 1266 725 1314 sidera,
757 1266 1007 1306 Chimerinos
1022 1283 1032 1316 3

90 1333 219 1372 dictus
247 1333 300 1371 ab
328 1332 477 1371 aestivo
506 1332 703 1371 Therinos
733 1332 804 1370 tibi
834 1346 970 1371 mense
999 1346 1184 1371 vocarer:

144 1406 323 1448 tempora
352 1397 415 1437 cui
445 1411 593 1437 nomen
622 1411 742 1436 verna
770 1399 916 1437 dedere
945 1397 1033 1448 quis
1063 1400 1151 1436 est?

599 1503 701 1540 XIV

93 1581 216 1618 Hunc
245 1593 365 1630 quern
395 1592 534 1617 mensa
562 1578 644 1626 tibi,
676 1592 796 1629 quern
826 1592 925 1617 cena
954 1578 1102 1629 paravit
1131 1579 1303 1617 amicum

144 1658 231 1684 esse
259 1652 373 1695 putas
403 1645 506 1683 fidae
536 1652 674 1695 pectus
703 1643 932 1683 amicitiae?

89 1724 227 1761 aprum
257 1718 363 1749 amat
392 1717 431 1749 et
460 1711 603 1748 mullos
633 1717 672 1748 et
701 1723 842 1748 sumen
872 1717 911 1748 et
940 1717 1080 1757 ostrea,
1113 1723 1194 1748 non
1231 1718 1280 1748 te.

144 1783 225 1814 tam
255 1775 358 1814 bene
387 1774 419 1813 si
448 1787 600 1822 cenem,
632 1782 766 1813 noster
794 1774 946 1813 amicus
977 1775 1059 1813 erit.

622 1890 700 1926 XV

93 1965 298 2016 Inscripsit
326 1964 487 2004 tumulis
517 1972 669 2015 septem
699 1966 886 2003 scelerata
915 1964 1085 2004 virorum

149 2033 222 2071 ‘Se
251 2030 413 2070 fecisse’
444 2031 582 2070 Chloe.
644 2030 753 2079 Quid
782 2038 876 2081 pote
906 2030 1155 2081 simplicius?

140 2137 179 2166 16
203 2136 349 2166 desertis
367 2134 412 2166 CA

137 2179 205 2210 XII
232 2190 251 2210 2
275 2179 378 2210 breue
394 2179 469 2209 BA:
495 2178 582 2209 bene
602 2178 649 2209 CA
738 2178 812 2209 auis
828 2178 905 2209 BA:
928 2188 1010 2218 apes
1030 2178 1078 2209 CA
1204 2187 1224 2217 3
1248 2178 1426 2209 acidalium

95 2256 145 2287 CA
269 2267 289 2295 4
313 2267 343 2296 q.
364 2261 416 2287 est
433 2251 537 2286 herea
555 2255 605 2286 CA
723 2265 742 2294 5
768 2256 919 2294 erythrei
939 2256 1033 2296 (-tr·)
1052 2254 1102 2286 CA
1229 2256 1251 2285 6
1275 2227 1376 2287 nogia
1395 2259 1432 2286 ut

93 2300 155 2331 vid.
174 2300 229 2330 ΒΑ
363 2310 380 2338 7
405 2299 527 2330 tollant
542 2298 600 2329 ΒΑ
616 2311 622 2330 :
646 2298 766 2330 tollent
785 2298 835 2329 CA

139 2344 222 2374 XIV
243 2343 316 2374 hab.
330 2342 363 2373 R
434 2353 447 2373 1
475 2343 576 2373 Nunc
589 2343 623 2374 R
691 2353 710 2382 3
735 2348 768 2374 et
782 2342 918 2384 sumen]
933 2353 1053 2373 sumen
1065 2342 1098 2372 R
1177 2353 1246 2372 non
1263 2342 1312 2382 te]
1327 2346 1427 2372 nocte

97 2386 146 2418 CA
239 2398 257 2426 4
284 2397 390 2418 caene
406 2392 543 2417 nostrae
557 2387 590 2417 R
637 2387 699 2416 erit
716 2386 776 2417 AA
788 2391 823 2417 ut
837 2386 901 2418 vid.
922 2386 984 2427 Q-is
1001 2385 1034 2416 R
1050 2387 1083 2417 in
1102 2386 1181 2425 ras„N
1195 2385 1251 2416 BA
1266 2397 1273 2417 :
1297 2386 1364 2417 eris
1376 2385 1426 2416 CA

137 2431 203 2462 XV
230 2442 243 2461 1
269 2431 405 2462 tumulis
420 2430 498 2462 BA:
520 2429 649 2461 tumulo
667 2429 718 2461 CA
