1648 2729
745 128 1215 169 EPIGRAMMATON
1246 132 1350 170 LIB.
1384 133 1450 170 III

119 237 293 277 fastidire
323 246 454 277 tamen
485 239 576 286 noli,
610 241 769 288 Rufine,
799 240 996 280 minores:

173 305 260 354 plus
290 304 428 343 habuit
459 305 665 354 Didymos,
697 307 785 355 plus
817 306 1061 346 Philomelus
1091 309 1221 348 habet.

1433 264 1449 294 5

558 411 741 447 XXXIV

120 483 250 534 Digna
279 492 347 523 tuo
378 498 446 523 cur
474 484 525 523 sis
555 484 797 536 indignaque
827 485 1000 533 nomine,
1032 486 1174 525 dicam.

172 548 330 600 Frigida
358 563 399 588 es
429 557 467 588 et
496 549 605 600 nigra
635 564 699 589 es:
739 564 821 589 non
852 564 892 589 es
924 559 961 590 et
992 565 1032 590 es
1064 551 1231 592 Chione.

597 656 754 692 XXXV

225 729 329 767 Artis
360 729 573 768 Phidiacae
603 738 782 769 toreuma
810 732 957 769 clarum

224 794 353 844 pisces
382 795 548 846 aspicis:
587 797 692 835 adde
721 810 877 846 aquam,
911 798 1114 836 natabunt.

583 902 764 938 XXXVI

117 971 238 1018 Quod
268 983 393 1008 novus
424 978 462 1008 et
490 984 616 1020 nuper
644 972 769 1010 factus
799 971 871 1010 tibi
899 980 1070 1022 praestat
1097 973 1260 1021 amicus,

169 1035 246 1073 hoc
275 1042 471 1084 praestare
493 1035 613 1090 ⁷iubes
650 1050 724 1082 me,
759 1036 945 1083 Fabiane,
977 1037 1071 1076 tibi:

115 1099 295 1138 horridus
325 1107 367 1138 ut
396 1099 524 1150 primo
553 1114 708 1151 semper
736 1109 774 1140 te
804 1115 921 1140 mane
950 1104 1117 1142 salutem

168 1178 237 1214 per
266 1165 523 1215 mediumque
553 1167 679 1204 trahat
710 1180 773 1205 me
804 1175 870 1205 tua
900 1169 995 1206 sella
1024 1169 1162 1215 lutum,

115 1232 238 1269 lassus
268 1238 310 1269 ut
339 1230 379 1268 in
409 1232 581 1270 thermas
611 1233 781 1270 decuma
810 1234 870 1270 vel
901 1232 1022 1271 serius
1051 1234 1148 1272 hora

169 1303 207 1333 te
236 1308 377 1345 sequar
406 1295 613 1346 Agrippae,
646 1310 737 1334 cum
767 1298 872 1335 laver
901 1297 984 1347 ipse
1014 1297 1105 1336 Titi.

117 1363 210 1399 Hoc
238 1374 308 1410 per
336 1360 493 1411 triginta
522 1361 657 1408 merui,
690 1361 874 1408 Fabiane,
910 1363 1166 1411 Decembres,

169 1434 212 1465 ut
241 1426 314 1464 sim
345 1426 419 1465 tiro
449 1435 540 1465 tuae
570 1440 726 1477 semper
755 1427 983 1466 amicitiae?

115 1493 192 1530 hoc
221 1491 356 1538 merui,
389 1491 574 1539 Fabiane,
607 1500 698 1543 toga
728 1492 895 1542 tritaque
926 1507 1105 1544 meaque,

169 1564 211 1595 ut
240 1558 422 1595 nondum
451 1558 588 1596 credas
618 1571 681 1596 me
712 1557 901 1597 meruisse
931 1560 1101 1597 rudem?
1414 1576 1455 1598 ιο

572 1663 775 1700 XXXVII

117 1730 238 1769 Irasci
267 1738 421 1769 tanturn
450 1731 583 1770 felices
613 1731 737 1770 nostis
767 1732 895 1770 amici.

169 1810 251 1835 non
282 1796 383 1835 belle
412 1796 550 1844 facitis,
583 1798 654 1836 sed
684 1797 790 1836 iuvat
820 1798 919 1836 hoc:
959 1797 1087 1836 facite.

559 1904 787 1940 XXXVIII

117 1973 231 2022 Quae
261 1981 298 2011 te
327 1987 446 2012 causa
475 1973 592 2012 trahit
620 1975 682 2012 vel
712 1987 814 2023 quae
844 1973 990 2011 fiducia
1021 1975 1205 2020 Romam,

170 2039 320 2077 Sexte?
359 2039 456 2089 quid
486 2047 554 2078 aut
584 2052 715 2090 speras
745 2047 812 2077 aut
842 2038 942 2088 petis
972 2038 1098 2077 inde?
1137 2040 1245 2077 refer.

161 2141 314 2172 XXXIV
338 2143 412 2174 lzab.
439 2143 469 2173 T
574 2153 593 2173 2
621 2143 673 2174 Fr.
688 2147 740 2173 est
753 2143 802 2174 CA
891 2152 960 2172 non
977 2152 1014 2172 es
1031 2152 1095 2173 om.
1113 2142 1161 2172 CA
1180 2142 1232 2182 (ob
1248 2142 1451 2184 komoeotcl.)

119 2191 152 2217 et
168 2196 234 2216 om.
258 2186 288 2215 T

161 2228 297 2260 XXXV
324 2241 337 2261 1
364 2230 431 2261 aris
450 2229 497 2261 CA
629 2240 648 2259 2
672 2230 822 2270 respices
838 2229 961 2268 aspicis
981 2228 1028 2259 CA

161 2271 311 2304 XXXVI
335 2273 409 2305 hab.
434 2273 480 2313 T;
504 2284 554 2304 vv.
577 2284 639 2312 1-4
656 2274 728 2305 hab.
749 2273 783 2303 R
915 2284 934 2311 3
958 2278 992 2303 te
1009 2282 1144 2312 semper
1161 2273 1242 2304 AA:
1266 2283 1402 2313 semper
1419 2280 1451 2305 te

117 2314 224 2346 ΒΑΕΔ
355 2328 377 2357 9
400 2322 515 2357 togata
531 2323 570 2347 tr.
591 2317 648 2348 BA
736 2327 897 2356 meraque
917 2316 964 2347 CA

162 2359 330 2390 XXXVII
356 2371 375 2390 2
399 2361 511 2392 faeere
529 2361 606 2391 BA:
630 2362 730 2392 facite
750 2362 798 2392 CA

161 2403 348 2434 XXXVIII
373 2415 424 2437 vv.
445 2414 527 2435 1-12
549 2405 623 2436 hab.
649 2405 679 2435 T
816 2414 831 2435 1
858 2409 891 2435 te
907 2414 972 2434 om.
994 2403 1042 2434 CA

1321 2459 1362 2489 5*
