1648 2729
275 689 345 736 M.
391 686 561 736 VAL.
613 686 1072 735 MARTIALIS

195 821 841 872 -EPIGRAMMATON
896 822 1115 869 LIBER

605 984 623 1021 I

74 1059 275 1094 BARBARA
305 1054 552 1105 pyramidum
583 1054 694 1092 sileat
726 1052 913 1090 miracula
944 1051 1157 1102 Memphis,

125 1121 307 1172 Assyrius
337 1120 454 1159 iactet
484 1133 558 1158 nec
589 1119 795 1168 Babylona
824 1118 959 1165 labor3

73 1200 146 1226 nec
174 1185 331 1224 Triviae
359 1186 509 1235 templo
539 1185 678 1223 molles
708 1184 918 1221 laudentur
950 1184 1081 1228 Iones,

125 1251 346 1291 dissimulet
377 1252 509 1289 Delon
539 1249 724 1288 cornibus
754 1261 820 1286 ara
848 1249 1032 1297 frequens
1049 1262 1058 1294 3

71 1319 159 1356 aere
188 1330 262 1355 nec
291 1329 417 1354 vacuo
446 1314 663 1366 pendentia
693 1314 901 1352 Mausolea
1392 1328 1407 1358 5

126 1382 310 1421 laudibus
340 1380 551 1419 inmodicis
582 1381 702 1419 Cares
733 1378 772 1416 in
802 1385 904 1416 astra
933 1378 1068 1415 ferant.

72 1444 201 1483 omnis
231 1446 427 1484 Caesareo
457 1443 562 1481 cedit
590 1443 702 1480 labor
730 1440 1046 1491 Amphitheatro,

125 1524 249 1548 unum
279 1523 350 1559 pro
380 1508 532 1547 cunctis
562 1509 667 1545 fama
695 1508 878 1556 loquetur
906 1519 1017 1555 opus.

574 1609 616 1646 II

76 1680 155 1719 Hic
184 1679 252 1718 ubi
282 1679 457 1718 sidereus
486 1677 647 1728 propius
676 1676 783 1715 videt
812 1684 915 1714 astra
944 1676 1120 1714 colossus

126 1753 164 1784 et
194 1752 374 1783 crescunt
403 1743 536 1782 media
563 1750 746 1793 pegmata
775 1743 880 1780 celsa
908 1740 980 1788 via,

74 1810 268 1849 invidiosa
296 1809 366 1848 feri
395 1808 601 1847 radiabant
630 1807 727 1846 atria
755 1806 855 1857 regis

127 1889 285 1925 unaque
314 1875 392 1913 iam
422 1882 505 1913 tota
534 1874 662 1912 stabat
691 1872 731 1911 in
760 1873 858 1911 urbe
887 1872 1042 1911 domus.

72 1941 136 1979 hic
165 1940 234 1979 ubi
263 1939 469 1990 conspicui
496 1937 729 1977 venerabilis
757 1936 1050 1987 Amphitheatri
1392 1951 1409 1981 5

127 2005 285 2056 erigitur
313 2006 450 2052 moles,
483 2011 621 2054 stagna
650 2002 821 2041 Neronis
851 2010 971 2041 erant.

73 2071 137 2110 hic
166 2070 235 2109 ubi
264 2070 451 2108 miramur
478 2068 630 2108 velocia
658 2081 823 2106 munera
851 2069 1035 2113 thermas,

126 2137 340 2175 abstulerat
368 2134 519 2173 miseris
548 2141 653 2173 tecta
681 2133 873 2183 superbus
902 2145 1002 2182 ager.

117 2241 222 2271 Hunc
231 2240 385 2278 libellum,
399 2239 458 2279 qui
470 2238 746 2278 ‘spectaculorum
758 2236 765 2250 '
782 2240 923 2273 vocatur,
936 2245 1002 2265 non
1015 2234 1134 2265 habent
1145 2234 1201 2268 ΒΑ
1214 2233 1242 2265 C
1240 2249 1263 2267 Α
1274 2245 1286 2271 ;
1311 2232 1409 2271 credo,

75 2286 152 2325 quia
162 2287 379 2325 praecesserat
394 2283 487 2313 titulo
505 2283 549 2314 M.
568 2281 642 2313 Val.
663 2281 761 2312 Mart.
783 2280 898 2319 Epigr.
917 2279 972 2310 lib.
989 2278 1002 2309 I
1020 2278 1136 2318 incipit

120 2357 133 2387 1
151 2356 226 2388 hab.
252 2355 283 2386 T
367 2365 386 2385 2
403 2354 568 2393 Assyrius
579 2353 731 2384 Alciatus
745 2364 752 2384 z
776 2351 932 2382 assiduus
947 2350 1010 2380 ΑΑ
1097 2359 1117 2388 3
1136 2349 1235 2380 Iones
1250 2347 1414 2388 Scaliger:

76 2401 223 2431 honores
238 2398 299 2429 ΑΑ
402 2409 422 2437 4
448 2398 559 2429 Delon
573 2398 620 2428 Io.
637 2396 691 2428 Fr.
713 2395 917 2427 Gronovzus:
943 2394 1043 2425 deion
1067 2393 1112 2423 T:
1137 2403 1203 2433 que
1220 2393 1320 2423 deum
1337 2391 1410 2422 Ital.

75 2446 95 2474 8
120 2445 275 2483 loquatur
291 2442 365 2473 Ital.
661 2440 695 2471 11
719 2440 794 2471 hab.
822 2439 851 2470 T

121 2508 227 2530 MART.
247 2507 299 2528 EP.
320 2506 368 2528 sc.
388 2506 443 2527 Εῐ).
1308 2489 1326 2519 l
