1648 2729
709 150 1179 191 EPIGRAMMATON
1212 153 1318 190 LIB.
1350 153 1408 190 VI

518 265 742 302 LXXXIII

73 331 279 378 Quantum
309 328 478 368 sollicito
506 330 662 368 fortuna
692 330 864 380 parentis
895 332 1074 378 Etrusco,

126 402 292 442 tantum,
324 408 479 434 summe
500 396 660 443 ducum,
692 396 813 434 debet
842 403 1007 446 uterque
1038 395 1119 435 tibi.
1292 409 1310 426 ο

72 473 163 498 nam
194 467 236 498 tu
267 459 385 498 missa
414 468 481 499 tua
508 461 700 500 revocasti
729 461 895 499 fulmina
923 463 1083 500 dextra:

127 526 201 564 hos
229 539 415 576 cuperem
446 540 574 565 mores
604 526 760 576 ignibus
790 540 876 565 esse
907 526 1013 565 Iovis
1028 541 1038 575 3

74 590 105 629 si
135 598 202 629 tua
230 590 279 629 sit
308 604 476 639 summo,
511 593 666 640 Caesar,
698 600 836 630 natura
866 591 1053 640 Tonanti,
1396 610 1413 639 5

128 663 259 694 utetur
287 664 372 696 toto
402 657 566 696 fulmine
596 671 680 696 rara
709 671 860 696 manus.

75 721 248 760 muneris
277 723 355 760 hoc
383 730 595 773 utrumque
625 722 680 761 tui
710 730 874 761 testatur
904 724 1104 770 Etruscus,

128 800 213 826 esse
243 788 353 837 quod
383 794 421 826 et
451 787 585 826 comiti
615 788 780 838 contigit
809 796 847 827 et
875 787 1022 827 reduci.

525 867 742 904 LXXXIV

75 932 306 981 Octaphoro
335 945 453 970 sanus
484 939 673 982 portatur,
701 932 829 979 Avite‚
861 931 1079 982 Philippus.

130 997 237 1035 hunc
266 1004 308 1035 tu
338 997 369 1035 si
399 1011 540 1035 sanum
571 997 708 1045 credis,
742 997 868 1045 Avite‚
901 998 1006 1036 furis.

543 1082 736 1118 LXXXV

77 1143 218 1183 Editur
246 1158 296 1183 en
325 1152 457 1184 sextus
486 1145 570 1184 sine
601 1154 638 1184 te
669 1145 776 1192 mihi,
810 1146 915 1184 Rufe
946 1145 1128 1193 Camoni,

129 1223 203 1248 nec
233 1217 271 1248 te
300 1211 488 1249 lectorem
518 1218 658 1261 sperat,
690 1210 828 1258 amice,
861 1211 981 1250 liber:

75 1274 197 1325 impia
226 1276 514 1326 Cappadocum
545 1278 660 1315 tellus
690 1284 728 1315 et
757 1276 921 1315 numine
951 1278 1064 1315 laevo

130 1339 212 1378 visa
240 1340 312 1379 tibi
342 1341 493 1380 cineres
522 1342 652 1381 reddit
682 1349 720 1380 et
750 1355 840 1380 ossa
869 1341 979 1392 patri.

78 1407 218 1444 Funde
248 1413 317 1445 tuo
346 1406 525 1445 lacrimas
555 1408 692 1446 orbata
723 1407 906 1446 Bononia
936 1408 1054 1454 Rufo,
1402 1424 1418 1453 5

131 1478 169 1509 et
198 1479 355 1510 resonet
385 1480 467 1510 tota
496 1474 676 1522 planctus
706 1472 746 1510 in
776 1472 973 1511 Aemilia:

77 1538 154 1575 heu
184 1537 310 1587 qualis
340 1537 475 1587 pietas,
507 1539 585 1576 heu
615 1552 736 1588 quarn
766 1538 895 1577 brevis
925 1537 1073 1577 occidit
1102 1540 1234 1576 aetas!

80 1598 87 1603 ’
131 1601 281 1641 viderat
310 1602 456 1653 Alphei
486 1603 661 1653 praemia
690 1603 829 1654 quinta
857 1605 991 1642 modo.

79 1669 243 1706 Pectore
273 1675 314 1706 tu
344 1668 511 1707 memori
539 1677 695 1708 nostros
725 1671 905 1708 evolvere
934 1671 1057 1718 lusus,

131 1741 173 1771 tu
203 1733 341 1772 solitus
370 1742 486 1781 totos,
519 1736 635 1782 Rufe,
667 1742 800 1774 tenere
829 1736 949 1782 iocos,
1384 1751 1421 1772 10

78 1798 214 1848 accipe
244 1812 335 1837 cum
365 1801 459 1838 fletu
490 1799 629 1838 maesti
658 1800 778 1839 breve
807 1813 967 1838 carmen
997 1798 1115 1838 amici

132 1871 252 1915 atque
282 1865 380 1903 haec
409 1865 584 1915 apsentis
614 1874 700 1904 tura
729 1865 848 1904 fuisse
878 1873 983 1915 puta.

536 1949 750 1985 LXXXVI

80 2011 260 2051 Setinum
290 2011 558 2062 dominaeque
587 2011 696 2051 nives
726 2012 921 2063 densique
951 2012 1122 2060 trientes,

133 2078 296 2127 quando
325 2091 399 2128 ego
428 2091 497 2116 vos
527 2077 685 2116 medico
715 2091 797 2116 non
826 2078 1063 2128 prohibente
1092 2077 1259 2117 bibam?

126 2181 312 2211 LXXXIII
339 2190 358 2220 5
381 2182 426 2212 sit
444 2186 465 2213 t.
484 2182 555 2211 AF
617 2192 746 2212 summa
767 2181 815 2212 CA
833 2186 870 2212 ut
883 2181 950 2213 vid.
1085 2191 1102 2220 7
1127 2186 1284 2213 etruscos
1300 2182 1352 2212 ΒΑ

126 2225 310 2255 LXXXIV
333 2225 406 2256 hab.
432 2225 491 2255 TR
513 2236 524 2256 t
545 2225 650 2266 Phil.]
668 2225 804 2256 libellus
819 2226 851 2255 R
940 2236 959 2256 2
984 2226 1090 2256 amice
1102 2226 1181 2255 AA:
1207 2225 1297 2256 auite
1313 2225 1421 2256 BACA

126 2268 289 2298 LXXXV
313 2269 386 2300 hab.
412 2269 442 2299 T
528 2279 542 2299 1
569 2270 689 2300 Editur
714 2280 756 2299 en
782 2269 918 2300 AACA:
943 2270 1064 2300 Editus
1080 2275 1131 2300 est
1150 2270 1198 2310 (e)
1216 2269 1268 2299 BA
1341 2269 1421 2299 mihi

82 2312 146 2351 (vel
161 2312 218 2343 mix
238 2323 304 2343 om.
325 2316 362 2342 ut
376 2312 438 2344 vid.
457 2311 515 2342 ΒΑ
587 2313 699 2344 amoni
715 2312 772 2343 BA
881 2323 902 2352 3
925 2313 1053 2343 lumine
1072 2312 1120 2343 CA
1246 2323 1266 2351 4
1290 2313 1377 2344 sedit
1399 2312 1429 2342 T

83 2355 188 2395 patris
206 2355 254 2385 CA
388 2357 409 2385 6
432 2360 569 2387 resonat
591 2356 621 2386 T
749 2357 769 2387 8
793 2357 911 2395 quinta
924 2356 1004 2388 AA:
1031 2360 1156 2396 quanta
1173 2356 1227 2386 ΒΑ
1243 2368 1250 2387 z
1274 2355 1423 2396 quinque

85 2399 133 2430 CA
271 2409 306 2429 11
329 2399 428 2430 amici
444 2410 511 2430 om.
530 2399 587 2429 BA
721 2410 760 2430 12
782 2400 881 2440 plure
904 2401 934 2432 T
1093 2400 1275 2430 LXXXVI
1299 2400 1372 2431 hab.
1399 2400 1428 2430 T

85 2453 103 2473 2
129 2453 191 2474 uos
208 2453 275 2474 om.
295 2442 344 2473 CA
460 2443 824 2484 mediconprohibente
842 2443 891 2474 CA
1017 2444 1129 2475 uiuam
1151 2443 1208 2474 ΒΑ
1235 2444 1268 2483 (z'.
1282 2454 1306 2475 e.
1333 2443 1421 2484 bib-)
