1648 2729
768 185 1238 224 EPIGRAMMATON
1269 186 1373 224 LIB.
1405 186 1443 222 X

106 294 327 345 aquilisque
355 294 502 334 similes
530 296 658 334 facere
686 303 852 334 noctuas
881 296 1067 346 quaeris?

107 361 254 399 habeas
283 360 416 399 licebit
443 362 609 399 alterum
639 362 783 411 pedem
815 362 959 410 Ladae,
1425 379 1442 410 5

107 424 250 476 inepte,
282 426 422 464 frustra
450 439 561 464 crure
590 425 721 476 ligneo
750 440 892 465 curres.

639 523 695 561 CI

109 586 243 636 Elysio
272 587 406 625 redeat
435 586 467 625 si
496 587 595 625 forte
625 587 810 626 remissus
839 587 890 626 ab
919 601 1011 638 agro

160 651 224 690 ille
253 665 326 690 suo
355 651 446 690 felix
475 653 644 691 Caesare
675 653 818 692 Gabba
846 661 969 701 vetus,

106 717 175 767 qui
204 717 475 767 Capitolinum
504 717 647 767 pariter
676 718 941 769 Gabbamque
969 718 1146 758 iocantes

159 782 327 821 audierit
355 783 483 821 dicet:
527 783 713 822 ‘Rustice
743 784 896 831 Gabba,
928 786 1038 822 tace.'

619 881 724 920 CIII

109 949 346 1001 Municipes,
377 952 557 1001 Augusta
585 951 681 989 mihi
711 965 811 1001 quos
842 951 994 990 Bilbilis
1023 951 1102 989 acri

160 1024 297 1054 monte
326 1024 441 1064 creat,
472 1016 617 1066 rapidis
648 1030 767 1066 quem
797 1018 888 1055 Salo
917 1016 1038 1066 cingit
1066 1016 1189 1066 aquis,

107 1078 381 1132 ecquid'laeta
408 1081 515 1120 iuvat
543 1081 660 1120 vestri
688 1096 758 1121 vos
786 1081 908 1132 gloria
937 1081 1067 1120 vatis?

160 1160 252 1185 narn
283 1148 404 1186 decus
434 1154 472 1185 et
501 1160 649 1186 nomen
679 1149 863 1198 famaque
892 1155 1020 1186 vestra
1049 1160 1196 1194 sumus,

107 1225 180 1250 nec
210 1225 280 1250 sua
308 1213 397 1262 plus
425 1212 546 1250 debet
574 1211 684 1250 tenui
713 1214 873 1251 Verona
903 1213 1061 1252 Catullo
1427 1229 1444 1259 5

161 1290 305 1327 meque
334 1276 427 1315 velit
456 1276 535 1315 dici
563 1290 646 1315 non
676 1277 806 1315 minus
836 1277 901 1315 illa
930 1291 1058 1315 suum.

108 1344 307 1392 Quattuor
334 1342 500 1380 accessit
529 1341 725 1380 tricesima
755 1342 949 1381 messibus
978 1351 1116 1390 aestas,

162 1416 204 1446 ut
232 1407 317 1446 sine
346 1421 410 1446 me
440 1407 573 1447 Cereri
603 1407 747 1446 rustica
775 1407 854 1446 liba
883 1407 995 1454 datis,

107 1472 266 1512 moenia
294 1474 391 1511 dum
420 1472 588 1511 colimus
618 1473 804 1511 dominae
833 1472 1097 1523 pulcherrima
1128 1474 1308 1511 Romae:

161 1546 362 1576 mutavere
391 1552 498 1576 meas
530 1540 630 1576 Itala
658 1552 776 1589 regna
805 1552 951 1577 comas.
1407 1554 1446 1576 10

109 1602 298 1653 Excipitis
327 1602 484 1654 placida
512 1604 700 1642 reducem
730 1603 762 1642 si
792 1612 935 1651 mente,
967 1602 1147 1641 venimus
1163 1617 1172 1650 3

159 1681 298 1719 aspera
326 1668 358 1706 si
386 1668 517 1718 geritis
547 1670 677 1716 corda,
708 1668 835 1707 redire
864 1668 967 1707 licet.

619 1763 717 1801 CIV

217 1833 235 1870 I
266 1839 401 1870 nostro
431 1846 576 1881 comes,
608 1832 631 1880 i,
662 1833 805 1880 libelle,
838 1834 959 1871 Flavo

215 1898 378 1948 longum
407 1911 476 1948 per
505 1911 622 1945 mare,
655 1899 725 1936 sed
754 1897 920 1938 faventis
949 1898 1091 1944 undae,

215 1970 254 2001 et
283 1976 399 2001 cursu
428 1963 532 2001 facili
561 1963 717 2013 tuisque
745 1962 872 2001 ventis

834 2075 849 2090 e

151 2100 178 2130 C
203 2112 223 2140 4
246 2100 370 2139 aliquis
387 2100 465 2140 quie
486 2099 536 2130 CA
553 2104 590 2130 ut
604 2100 666 2132 vid.
688 2100 769 2141 (pro
797 2100 872 2140 qui)
977 2108 996 2138 5
1022 2099 1100 2131 licet
1130 2098 1160 2129 T
1232 2099 1321 2140 pede
1348 2099 1443 2141 (LF)

108 2144 157 2174 vel
170 2145 291 2183 pedem
307 2144 361 2174 BA
377 2155 385 2174 ε
409 2145 516 2184 pedes
543 2144 592 2175 CA
680 2145 797 2175 laedae
815 2143 894 2183 (le-)
911 2142 969 2173 BA
986 2145 1075 2184 (cum
1091 2142 1148 2184 X)
1258 2145 1279 2173 6
1302 2144 1445 2175 frustrae

109 2187 159 2218 CA
176 2191 213 2218 ut
227 2187 290 2218 vid.
346 2188 367 2219 1.
386 2198 502 2219 curres
524 2189 601 2219 BA:
621 2199 688 2220 om.
714 2188 775 2218 ΑΛ
799 2191 953 2229 (propter
973 2187 1175 2228 homoeotel.)
1192 2197 1200 2218 :
1226 2187 1246 2219 l.
1269 2188 1378 2218 curris
1396 2189 1446 2219 CA

108 2231 153 2261 CI
178 2231 254 2263 hab.
277 2231 307 2261 T
393 2242 407 2262 1
435 2231 571 2271 Elysios
587 2233 704 2263 credat
722 2231 771 2262 CA
935 2241 955 2261 2
979 2236 1078 2261 uotas
1099 2230 1130 2261 T
1270 2241 1290 2270 3
1313 2242 1380 2271 quo
1398 2232 1445 2263 CA

108 2280 272 2305 uocantes
290 2274 339 2306 CA
510 2271 515 2276 ’

152 2318 232 2349 C111
262 2330 275 2349 1
301 2324 446 2358 angusta
460 2318 516 2348 ΒΑ
614 2317 763 2359 Bilbilis]
782 2317 986 2349 bilbilitanos
1004 2317 1053 2348 CA
1071 2317 1121 2357 (cf
1140 2317 1254 2349 [emm.
1270 2328 1318 2349 AD
1342 2328 1446 2349 nvm-

107 2371 204 2394 c1i>sss
222 2365 485 2403 BleLl'rANOS)
541 2363 611 2393 aeri
626 2362 703 2392 Ital.
721 2373 728 2394 :
753 2363 826 2401 agri
843 2361 932 2393 codd.
1039 2372 1058 2392 2
1081 2361 1156 2392 sola
1174 2361 1222 2392 CA
1313 2372 1330 2401 7
1357 2373 1446 2393 mes-

108 2405 198 2437 tibus
216 2406 264 2436 CA
401 2406 422 2436 8
446 2407 573 2437 cereris
591 2406 641 2436 CA
658 2409 734 2445 (seq.
755 2408 788 2445 r)
925 2417 946 2447 9
970 2415 1064 2436 roma
1084 2405 1180 2447 (EA)
1198 2405 1247 2436 vel
1261 2416 1376 2437 romae
1398 2406 1448 2438 CA

152 2450 230 2481 CIV
257 2461 271 2481 1
299 2450 412 2481 libelle
432 2449 526 2490 (EA)
545 2449 620 2480 veli
637 2449 752 2480 libelle
772 2449 821 2480 CA
