<?xml version="1.0" encoding="UTF-8"?>
<!DOCTYPE html PUBLIC "-//W3C//DTD XHTML 1.0 Transitional//EN"
    "http://www.w3.org/TR/xhtml1/DTD/xhtml1-transitional.dtd">
<html xmlns="http://www.w3.org/1999/xhtml" xml:lang="en" lang="en">
 <head>
  <title>
</title>
<meta http-equiv="Content-Type" content="text/html;charset=utf-8" />
  <meta name='ocr-system' content='tesseract 3.04.00' />
  <meta name='ocr-capabilities' content='ocr_page ocr_carea ocr_par ocr_line ocrx_word'/>
</head>
<body>
  <div class='ocr_page' id='page_1' title='image "./epigrammatasele00martuoft_0082.png"; bbox 0 0 1648 2729; ppageno 0'>
   <div class='ocr_carea' id='block_1_1' title="bbox 191 140 749 178">
    <p class='ocr_par' dir='ltr' id='par_1_1' title="bbox 191 140 749 178">
     <span class='ocr_line' id='line_1_1' title="bbox 191 140 749 178; baseline 0.002 -1"><span class='ocrx_word' id='word_1_1' title='bbox 191 142 246 178; x_wconf 90' lang='lat' dir='ltr'><strong>M.</strong></span> <span class='ocrx_word' id='word_1_2' title='bbox 278 140 400 178; x_wconf 89' lang='lat' dir='ltr'><strong>VAL.</strong></span> <span class='ocrx_word' id='word_1_3' title='bbox 435 141 749 178; x_wconf 88' lang='lat' dir='ltr'><strong>MARTIALIS</strong></span> 
     </span>
    </p>
   </div>
   <div class='ocr_carea' id='block_1_2' title="bbox 190 244 1526 888">
    <p class='ocr_par' dir='ltr' id='par_1_2' title="bbox 190 244 1526 888">
     <span class='ocr_line' id='line_1_2' title="bbox 192 244 1413 304; baseline 0.002 -14"><span class='ocrx_word' id='word_1_4' title='bbox 192 253 309 291; x_wconf 89' lang='lat' dir='ltr'><strong>‘Non</strong></span> <span class='ocrx_word' id='word_1_5' title='bbox 339 252 419 291; x_wconf 84' lang='lat' dir='ltr'><strong>est&#39;</strong></span> <span class='ocrx_word' id='word_1_6' title='bbox 447 251 578 302; x_wconf 84' lang='lat' dir='ltr'>inquis</span> <span class='ocrx_word' id='word_1_7' title='bbox 609 252 762 291; x_wconf 75' lang='lat' dir='ltr'><strong>‘idem&#39;</strong></span> <span class='ocrx_word' id='word_1_8' title='bbox 821 253 951 291; x_wconf 90' lang='lat' dir='ltr'><strong>Multo</strong></span> <span class='ocrx_word' id='word_1_9' title='bbox 980 253 1068 302; x_wconf 91' lang='lat' dir='ltr'><strong>plus</strong></span> <span class='ocrx_word' id='word_1_10' title='bbox 1097 266 1182 292; x_wconf 91' lang='lat' dir='ltr'><strong>esse</strong></span> <span class='ocrx_word' id='word_1_11' title='bbox 1212 244 1413 304; x_wconf 78' lang='lat' dir='ltr'><strong>probabo:</strong></span> 
     </span>
     <span class='ocr_line' id='line_1_3' title="bbox 243 317 1107 368; baseline 0.001 -13"><span class='ocrx_word' id='word_1_12' title='bbox 243 317 306 355; x_wconf 84' lang='lat' dir='ltr'><strong>vix</strong></span> <span class='ocrx_word' id='word_1_13' title='bbox 335 331 408 367; x_wconf 86' lang='lat' dir='ltr'><strong>ego</strong></span> <span class='ocrx_word' id='word_1_14' title='bbox 438 317 617 356; x_wconf 77' lang='lat' dir='ltr'>lecticam</span> <span class='ocrx_word' id='word_1_15' title='bbox 648 318 875 368; x_wconf 83' lang='lat' dir='ltr'><strong>subsequar,</strong></span> <span class='ocrx_word' id='word_1_16' title='bbox 907 317 971 356; x_wconf 89' lang='lat' dir='ltr'><strong>ille</strong></span> <span class='ocrx_word' id='word_1_17' title='bbox 1000 319 1107 356; x_wconf 91' lang='lat' dir='ltr'><strong>feret.</strong></span> 
     </span>
     <span class='ocr_line' id='line_1_4' title="bbox 190 382 1257 432; baseline 0.003 -13"><span class='ocrx_word' id='word_1_18' title='bbox 190 383 229 420; x_wconf 89' lang='lat' dir='ltr'><strong>in</strong></span> <span class='ocrx_word' id='word_1_19' title='bbox 259 383 415 421; x_wconf 85' lang='lat' dir='ltr'><strong>turbam</strong></span> <span class='ocrx_word' id='word_1_20' title='bbox 444 382 639 429; x_wconf 87' lang='lat' dir='ltr'><strong>incideris,</strong></span> <span class='ocrx_word' id='word_1_21' title='bbox 671 390 836 421; x_wconf 82' lang='lat' dir='ltr'><strong>cunctos</strong></span> <span class='ocrx_word' id='word_1_22' title='bbox 866 383 1042 422; x_wconf 90' lang='lat' dir='ltr'><strong>umbone</strong></span> <span class='ocrx_word' id='word_1_23' title='bbox 1071 385 1257 432; x_wconf 76' lang='lat' dir='ltr'><strong>repellet:</strong></span> 
     </span>
     <span class='ocr_line' id='line_1_5' title="bbox 244 447 1160 498; baseline 0.002 -13"><span class='ocrx_word' id='word_1_24' title='bbox 244 447 460 486; x_wconf 88' lang='lat' dir='ltr'><strong>invalidum</strong></span> <span class='ocrx_word' id='word_1_25' title='bbox 492 455 549 486; x_wconf 87' lang='lat' dir='ltr'><strong>est</strong></span> <span class='ocrx_word' id='word_1_26' title='bbox 579 447 694 485; x_wconf 90' lang='lat' dir='ltr'><strong>nobis</strong></span> <span class='ocrx_word' id='word_1_27' title='bbox 724 447 1021 498; x_wconf 81' lang='lat' dir='ltr'><strong>ingenuumque</strong></span> <span class='ocrx_word' id='word_1_28' title='bbox 1050 450 1160 487; x_wconf 88' lang='lat' dir='ltr'><strong>latus.</strong></span> 
     </span>
     <span class='ocr_line' id='line_1_6' title="bbox 191 512 1163 564; baseline 0.001 -13"><span class='ocrx_word' id='word_1_29' title='bbox 191 512 385 563; x_wconf 84' lang='lat' dir='ltr'><strong>quidlibet</strong></span> <span class='ocrx_word' id='word_1_30' title='bbox 413 513 453 551; x_wconf 88' lang='lat' dir='ltr'><strong>in</strong></span> <span class='ocrx_word' id='word_1_31' title='bbox 484 527 601 552; x_wconf 86' lang='lat' dir='ltr'><strong>causa</strong></span> <span class='ocrx_word' id='word_1_32' title='bbox 630 513 855 560; x_wconf 81' lang='lat' dir='ltr'><strong>narraveris,</strong></span> <span class='ocrx_word' id='word_1_33' title='bbox 886 513 969 564; x_wconf 90' lang='lat' dir='ltr'><strong>ipse</strong></span> <span class='ocrx_word' id='word_1_34' title='bbox 999 514 1163 552; x_wconf 83' lang='lat' dir='ltr'><strong>tacebo:</strong></span> 
     </span>
     <span class='ocr_line' id='line_1_7' title="bbox 243 578 1133 629; baseline 0 -13"><span class='ocrx_word' id='word_1_35' title='bbox 243 586 283 616; x_wconf 90' lang='lat' dir='ltr'><strong>at</strong></span> <span class='ocrx_word' id='word_1_36' title='bbox 312 578 383 616; x_wconf 89' lang='lat' dir='ltr'><strong>tibi</strong></span> <span class='ocrx_word' id='word_1_37' title='bbox 413 578 673 629; x_wconf 81' lang='lat' dir='ltr'><strong>tergeminum</strong></span> <span class='ocrx_word' id='word_1_38' title='bbox 705 578 852 628; x_wconf 82' lang='lat' dir='ltr'><strong>mugiet</strong></span> <span class='ocrx_word' id='word_1_39' title='bbox 881 578 945 616; x_wconf 92' lang='lat' dir='ltr'><strong>ille</strong></span> <span class='ocrx_word' id='word_1_40' title='bbox 975 580 1133 629; x_wconf 84' lang='lat' dir='ltr'><strong>sophos.</strong></span> 
     </span>
     <span class='ocr_line' id='line_1_8' title="bbox 191 642 1038 693; baseline 0 -12"><span class='ocrx_word' id='word_1_41' title='bbox 191 643 236 681; x_wconf 89' lang='lat' dir='ltr'><strong>lis</strong></span> <span class='ocrx_word' id='word_1_42' title='bbox 267 643 347 691; x_wconf 87' lang='lat' dir='ltr'><strong>erit,</strong></span> <span class='ocrx_word' id='word_1_43' title='bbox 380 643 529 693; x_wconf 80' lang='lat' dir='ltr'><strong>ingenti</strong></span> <span class='ocrx_word' id='word_1_44' title='bbox 559 643 675 681; x_wconf 82' lang='lat' dir='ltr'><strong>faciet</strong></span> <span class='ocrx_word' id='word_1_45' title='bbox 705 642 884 681; x_wconf 80' lang='lat' dir='ltr'><strong>convicia</strong></span> <span class='ocrx_word' id='word_1_46' title='bbox 914 657 1038 682; x_wconf 82' lang='lat' dir='ltr'><strong>voce:</strong></span> 
     </span>
     <span class='ocr_line' id='line_1_9' title="bbox 244 707 1526 758; baseline 0 -12"><span class='ocrx_word' id='word_1_47' title='bbox 244 721 329 747; x_wconf 89' lang='lat' dir='ltr'><strong>esse</strong></span> <span class='ocrx_word' id='word_1_48' title='bbox 358 710 487 758; x_wconf 90' lang='lat' dir='ltr'><strong>pudor</strong></span> <span class='ocrx_word' id='word_1_49' title='bbox 516 707 638 746; x_wconf 86' lang='lat' dir='ltr'><strong>vetuit</strong></span> <span class='ocrx_word' id='word_1_50' title='bbox 667 707 780 746; x_wconf 91' lang='lat' dir='ltr'><strong>fortia</strong></span> <span class='ocrx_word' id='word_1_51' title='bbox 809 708 928 746; x_wconf 87' lang='lat' dir='ltr'><strong>verba</strong></span> <span class='ocrx_word' id='word_1_52' title='bbox 957 707 1064 745; x_wconf 87' lang='lat' dir='ltr'><strong>mihi.</strong></span> <span class='ocrx_word' id='word_1_53' title='bbox 1487 724 1526 746; x_wconf 90' lang='lat'><strong>10</strong></span> 
     </span>
     <span class='ocr_line' id='line_1_10' title="bbox 194 772 1282 823; baseline 0.001 -12"><span class='ocrx_word' id='word_1_54' title='bbox 194 775 320 823; x_wconf 80' lang='lat' dir='ltr'><strong>‘Ergo</strong></span> <span class='ocrx_word' id='word_1_55' title='bbox 350 773 447 811; x_wconf 87' lang='lat' dir='ltr'><strong>nihil</strong></span> <span class='ocrx_word' id='word_1_56' title='bbox 477 773 614 811; x_wconf 88' lang='lat' dir='ltr'><strong>nobis&#39;</strong></span> <span class='ocrx_word' id='word_1_57' title='bbox 644 772 774 822; x_wconf 83' lang='lat' dir='ltr'><strong>inquis</strong></span> <span class='ocrx_word' id='word_1_58' title='bbox 808 772 1045 822; x_wconf 82' lang='lat' dir='ltr'><strong>‘praestabis</strong></span> <span class='ocrx_word' id='word_1_59' title='bbox 1074 772 1282 812; x_wconf 85' lang='lat' dir='ltr'><strong>amicus?&#39;</strong></span> 
     </span>
     <span class='ocr_line' id='line_1_11' title="bbox 246 837 1183 888; baseline -0.001 -12"><span class='ocrx_word' id='word_1_60' title='bbox 246 838 455 888; x_wconf 80' lang='lat' dir='ltr'><strong>Quidquid</strong></span> <span class='ocrx_word' id='word_1_61' title='bbox 485 838 658 885; x_wconf 79' lang='lat' dir='ltr'><strong>libertus,</strong></span> <span class='ocrx_word' id='word_1_62' title='bbox 692 838 885 884; x_wconf 82' lang='lat' dir='ltr'><strong>Candide,</strong></span> <span class='ocrx_word' id='word_1_63' title='bbox 918 851 999 876; x_wconf 89' lang='lat' dir='ltr'><strong>non</strong></span> <span class='ocrx_word' id='word_1_64' title='bbox 1030 837 1183 888; x_wconf 86' lang='lat' dir='ltr'><strong>poterit.</strong></span> 
     </span>
    </p>
   </div>
   <div class='ocr_carea' id='block_1_3' title="bbox 668 954 826 991">
    <p class='ocr_par' dir='ltr' id='par_1_3' title="bbox 668 954 826 991">
     <span class='ocr_line' id='line_1_12' title="bbox 668 954 826 991; baseline 0.006 -1"><span class='ocrx_word' id='word_1_65' title='bbox 668 954 826 991; x_wconf 87' lang='lat' dir='ltr'>XLVII</span> 
     </span>
    </p>
   </div>
   <div class='ocr_carea' id='block_1_4' title="bbox 190 1034 1527 1996">
    <p class='ocr_par' dir='ltr' id='par_1_4' title="bbox 192 1034 1035 1085">
     <span class='ocr_line' id='line_1_13' title="bbox 192 1034 1035 1085; baseline -0.002 -10"><span class='ocrx_word' id='word_1_66' title='bbox 192 1037 354 1085; x_wconf 85' lang='lat' dir='ltr'><strong>Capena</strong></span> <span class='ocrx_word' id='word_1_67' title='bbox 382 1034 520 1085; x_wconf 81' lang='lat' dir='ltr'><strong>grandi</strong></span> <span class='ocrx_word' id='word_1_68' title='bbox 550 1042 661 1085; x_wconf 85' lang='lat' dir='ltr'><strong>porta</strong></span> <span class='ocrx_word' id='word_1_69' title='bbox 692 1049 769 1085; x_wconf 87' lang='lat' dir='ltr'><strong>qua</strong></span> <span class='ocrx_word' id='word_1_70' title='bbox 798 1035 897 1085; x_wconf 89' lang='lat' dir='ltr'><strong>pluit</strong></span> <span class='ocrx_word' id='word_1_71' title='bbox 925 1042 1035 1085; x_wconf 85' lang='lat' dir='ltr'><strong>gutta</strong></span> 
     </span>
    </p>

    <p class='ocr_par' dir='ltr' id='par_1_5' title="bbox 191 1099 1232 1150">
     <span class='ocr_line' id='line_1_14' title="bbox 191 1099 1232 1150; baseline 0 -13"><span class='ocrx_word' id='word_1_72' title='bbox 191 1099 484 1150; x_wconf 80' lang='lat' dir='ltr'><strong>Phrygiumque</strong></span> <span class='ocrx_word' id='word_1_73' title='bbox 515 1099 654 1137; x_wconf 88' lang='lat' dir='ltr'><strong>Matris</strong></span> <span class='ocrx_word' id='word_1_74' title='bbox 685 1101 805 1137; x_wconf 86' lang='lat' dir='ltr'><strong>Almo</strong></span> <span class='ocrx_word' id='word_1_75' title='bbox 835 1112 913 1149; x_wconf 84' lang='lat' dir='ltr'><strong>qua</strong></span> <span class='ocrx_word' id='word_1_76' title='bbox 941 1101 1046 1137; x_wconf 86' lang='lat' dir='ltr'><strong>lavat</strong></span> <span class='ocrx_word' id='word_1_77' title='bbox 1075 1100 1232 1145; x_wconf 81' lang='lat' dir='ltr'><strong>ferrum,</strong></span> 
     </span>
    </p>

    <p class='ocr_par' dir='ltr' id='par_1_6' title="bbox 192 1164 1020 1214">
     <span class='ocr_line' id='line_1_15' title="bbox 192 1164 1020 1214; baseline -0.002 -11"><span class='ocrx_word' id='word_1_78' title='bbox 192 1165 451 1203; x_wconf 85' lang='lat' dir='ltr'><strong>Horatiorum</strong></span> <span class='ocrx_word' id='word_1_79' title='bbox 482 1178 560 1214; x_wconf 88' lang='lat' dir='ltr'><strong>qua</strong></span> <span class='ocrx_word' id='word_1_80' title='bbox 588 1164 685 1202; x_wconf 88' lang='lat' dir='ltr'><strong>viret</strong></span> <span class='ocrx_word' id='word_1_81' title='bbox 715 1178 825 1202; x_wconf 81' lang='lat' dir='ltr'><strong>sacer</strong></span> <span class='ocrx_word' id='word_1_82' title='bbox 854 1177 1020 1213; x_wconf 83' lang='lat' dir='ltr'><strong>campus</strong></span> 
     </span>
    </p>

    <p class='ocr_par' dir='ltr' id='par_1_7' title="bbox 191 1229 1042 1280">
     <span class='ocr_line' id='line_1_16' title="bbox 191 1229 1042 1280; baseline -0.002 -12"><span class='ocrx_word' id='word_1_83' title='bbox 191 1238 228 1268; x_wconf 89' lang='lat' dir='ltr'><strong>et</strong></span> <span class='ocrx_word' id='word_1_84' title='bbox 259 1244 336 1280; x_wconf 90' lang='lat' dir='ltr'><strong>qua</strong></span> <span class='ocrx_word' id='word_1_85' title='bbox 365 1229 494 1280; x_wconf 88' lang='lat' dir='ltr'><strong>pusilli</strong></span> <span class='ocrx_word' id='word_1_86' title='bbox 525 1231 646 1268; x_wconf 86' lang='lat' dir='ltr'><strong>fervet</strong></span> <span class='ocrx_word' id='word_1_87' title='bbox 678 1229 863 1268; x_wconf 85' lang='lat' dir='ltr'><strong>Herculis</strong></span> <span class='ocrx_word' id='word_1_88' title='bbox 894 1230 1042 1276; x_wconf 84' lang='lat' dir='ltr'><strong>fanum,</strong></span> 
     </span>
    </p>

    <p class='ocr_par' dir='ltr' id='par_1_8' title="bbox 191 1284 1524 1410">
     <span class='ocr_line' id='line_1_17' title="bbox 192 1284 1524 1345; baseline -0.002 -12"><span class='ocrx_word' id='word_1_89' title='bbox 192 1295 388 1342; x_wconf 69' lang='lat' dir='ltr'><strong>Fausffine,</strong></span> <span class='ocrx_word' id='word_1_90' title='bbox 420 1296 538 1345; x_wconf 88' lang='lat' dir='ltr'><strong>plena</strong></span> <span class='ocrx_word' id='word_1_91' title='bbox 568 1297 712 1332; x_wconf 85' lang='lat' dir='ltr'><strong>Bassus</strong></span> <span class='ocrx_word' id='word_1_92' title='bbox 742 1294 824 1332; x_wconf 86' lang='lat' dir='ltr'><strong>ibat</strong></span> <span class='ocrx_word' id='word_1_93' title='bbox 853 1294 893 1331; x_wconf 91' lang='lat' dir='ltr'><strong>in</strong></span> <span class='ocrx_word' id='word_1_94' title='bbox 923 1295 1026 1340; x_wconf 85' lang='lat' dir='ltr'><strong>reda,</strong></span> <span class='ocrx_word' id='word_1_95' title='bbox 1359 1284 1361 1286; x_wconf 31' lang='lat'>¹</span> <span class='ocrx_word' id='word_1_96' title='bbox 1507 1309 1524 1341; x_wconf 87' lang='lat'>5</span> 
     </span>
     <span class='ocr_line' id='line_1_18' title="bbox 191 1359 942 1410; baseline -0.003 -11"><span class='ocrx_word' id='word_1_97' title='bbox 191 1360 319 1399; x_wconf 90' lang='lat' dir='ltr'><strong>omnis</strong></span> <span class='ocrx_word' id='word_1_98' title='bbox 349 1360 454 1399; x_wconf 83' lang='lat' dir='ltr'><strong>beati</strong></span> <span class='ocrx_word' id='word_1_99' title='bbox 484 1360 618 1410; x_wconf 84' lang='lat' dir='ltr'><strong>copias</strong></span> <span class='ocrx_word' id='word_1_100' title='bbox 648 1361 805 1398; x_wconf 85' lang='lat' dir='ltr'><strong>trahens</strong></span> <span class='ocrx_word' id='word_1_101' title='bbox 835 1359 942 1398; x_wconf 89' lang='lat' dir='ltr'><strong>ruris.</strong></span> 
     </span>
    </p>

    <p class='ocr_par' dir='ltr' id='par_1_9' title="bbox 191 1425 932 1464">
     <span class='ocr_line' id='line_1_19' title="bbox 191 1425 932 1464; baseline -0.003 0"><span class='ocrx_word' id='word_1_102' title='bbox 191 1426 268 1464; x_wconf 84' lang='lat' dir='ltr'><strong>illie</strong></span> <span class='ocrx_word' id='word_1_103' title='bbox 297 1426 449 1464; x_wconf 87' lang='lat' dir='ltr'><strong>videres</strong></span> <span class='ocrx_word' id='word_1_104' title='bbox 479 1425 617 1463; x_wconf 83' lang='lat' dir='ltr'><strong>frutice</strong></span> <span class='ocrx_word' id='word_1_105' title='bbox 647 1425 770 1463; x_wconf 88' lang='lat' dir='ltr'><strong>nobili</strong></span> <span class='ocrx_word' id='word_1_106' title='bbox 802 1426 932 1463; x_wconf 86' lang='lat' dir='ltr'><strong>caules</strong></span> 
     </span>
    </p>

    <p class='ocr_par' dir='ltr' id='par_1_10' title="bbox 190 1489 1121 1540">
     <span class='ocr_line' id='line_1_20' title="bbox 190 1489 1121 1540; baseline -0.001 -12"><span class='ocrx_word' id='word_1_107' title='bbox 190 1498 228 1529; x_wconf 93' lang='lat' dir='ltr'><strong>et</strong></span> <span class='ocrx_word' id='word_1_108' title='bbox 257 1498 469 1540; x_wconf 90' lang='lat' dir='ltr'><strong>utrumque</strong></span> <span class='ocrx_word' id='word_1_109' title='bbox 498 1503 656 1539; x_wconf 88' lang='lat' dir='ltr'><strong>porrum</strong></span> <span class='ocrx_word' id='word_1_110' title='bbox 687 1489 921 1538; x_wconf 86' lang='lat' dir='ltr'><strong>sessilesque</strong></span> <span class='ocrx_word' id='word_1_111' title='bbox 950 1490 1121 1527; x_wconf 79' lang='lat' dir='ltr'><strong>lactucas</strong></span> 
     </span>
    </p>

    <p class='ocr_par' dir='ltr' id='par_1_11' title="bbox 190 1554 998 1605">
     <span class='ocr_line' id='line_1_21' title="bbox 190 1554 998 1605; baseline -0.004 -11"><span class='ocrx_word' id='word_1_112' title='bbox 190 1555 381 1605; x_wconf 83' lang='lat' dir='ltr'><strong>pigroque</strong></span> <span class='ocrx_word' id='word_1_113' title='bbox 410 1554 534 1593; x_wconf 88' lang='lat' dir='ltr'><strong>ventri</strong></span> <span class='ocrx_word' id='word_1_114' title='bbox 565 1568 645 1592; x_wconf 88' lang='lat' dir='ltr'><strong>non</strong></span> <span class='ocrx_word' id='word_1_115' title='bbox 676 1554 833 1592; x_wconf 87' lang='lat' dir='ltr'><strong>inutiles</strong></span> <span class='ocrx_word' id='word_1_116' title='bbox 863 1555 973 1592; x_wconf 88' lang='lat' dir='ltr'><strong>betas</strong></span> <span class='ocrx_word' id='word_1_117' title='bbox 989 1569 998 1601; x_wconf 78' lang='lat'><em>3</em></span> 
     </span>
    </p>

    <p class='ocr_par' dir='ltr' id='par_1_12' title="bbox 190 1618 1527 1736">
     <span class='ocr_line' id='line_1_22' title="bbox 191 1618 1527 1670; baseline -0.001 -12"><span class='ocrx_word' id='word_1_118' title='bbox 191 1620 268 1658; x_wconf 85' lang='lat' dir='ltr'><strong>illic</strong></span> <span class='ocrx_word' id='word_1_119' title='bbox 298 1634 486 1659; x_wconf 84' lang='lat' dir='ltr'><strong>coronam</strong></span> <span class='ocrx_word' id='word_1_120' title='bbox 516 1619 728 1670; x_wconf 79' lang='lat' dir='ltr'><strong>pinguibus</strong></span> <span class='ocrx_word' id='word_1_121' title='bbox 758 1633 914 1669; x_wconf 77' lang='lat' dir='ltr'><strong>gravem</strong></span> <span class='ocrx_word' id='word_1_122' title='bbox 945 1618 1067 1658; x_wconf 86' lang='lat' dir='ltr'><strong>turdis</strong></span> <span class='ocrx_word' id='word_1_123' title='bbox 1489 1635 1527 1656; x_wconf 92' lang='lat'><strong>10</strong></span> 
     </span>
     <span class='ocr_line' id='line_1_23' title="bbox 190 1684 1083 1736; baseline -0.002 -12"><span class='ocrx_word' id='word_1_124' title='bbox 190 1688 446 1736; x_wconf 88' lang='lat' dir='ltr'><strong>leporemque</strong></span> <span class='ocrx_word' id='word_1_125' title='bbox 475 1687 624 1723; x_wconf 83' lang='lat' dir='ltr'><strong>laesum</strong></span> <span class='ocrx_word' id='word_1_126' title='bbox 656 1685 797 1723; x_wconf 83' lang='lat' dir='ltr'><strong>Gallici</strong></span> <span class='ocrx_word' id='word_1_127' title='bbox 827 1684 934 1723; x_wconf 82' lang='lat' dir='ltr'><strong>canis</strong></span> <span class='ocrx_word' id='word_1_128' title='bbox 965 1686 1083 1723; x_wconf 87' lang='lat' dir='ltr'><strong>dente</strong></span> 
     </span>
    </p>

    <p class='ocr_par' dir='ltr' id='par_1_13' title="bbox 192 1750 1109 1800">
     <span class='ocr_line' id='line_1_24' title="bbox 192 1750 1109 1800; baseline -0.002 -11"><span class='ocrx_word' id='word_1_129' title='bbox 192 1753 453 1800; x_wconf 89' lang='lat' dir='ltr'><strong>nondumque</strong></span> <span class='ocrx_word' id='word_1_130' title='bbox 482 1750 585 1788; x_wconf 78' lang='lat' dir='ltr'><strong>victa</strong></span> <span class='ocrx_word' id='word_1_131' title='bbox 614 1752 783 1788; x_wconf 79' lang='lat' dir='ltr'><strong>lacteum</strong></span> <span class='ocrx_word' id='word_1_132' title='bbox 814 1750 904 1788; x_wconf 84' lang='lat' dir='ltr'><strong>faba</strong></span> <span class='ocrx_word' id='word_1_133' title='bbox 934 1763 1109 1800; x_wconf 82' lang='lat' dir='ltr'><strong>porcum.</strong></span> 
     </span>
    </p>

    <p class='ocr_par' dir='ltr' id='par_1_14' title="bbox 192 1815 924 1862">
     <span class='ocr_line' id='line_1_25' title="bbox 192 1815 924 1862; baseline -0.004 -7"><span class='ocrx_word' id='word_1_134' title='bbox 192 1830 265 1855; x_wconf 88' lang='lat' dir='ltr'><strong>nec</strong></span> <span class='ocrx_word' id='word_1_135' title='bbox 294 1816 452 1854; x_wconf 84' lang='lat' dir='ltr'><strong>feriatus</strong></span> <span class='ocrx_word' id='word_1_136' title='bbox 482 1815 563 1854; x_wconf 84' lang='lat' dir='ltr'><strong>ibat</strong></span> <span class='ocrx_word' id='word_1_137' title='bbox 591 1823 682 1853; x_wconf 87' lang='lat' dir='ltr'><strong>ante</strong></span> <span class='ocrx_word' id='word_1_138' title='bbox 713 1829 924 1862; x_wconf 82' lang='lat' dir='ltr'><strong>carrucam,</strong></span> 
     </span>
    </p>

    <p class='ocr_par' dir='ltr' id='par_1_15' title="bbox 192 1880 1010 1931">
     <span class='ocr_line' id='line_1_26' title="bbox 192 1880 1010 1931; baseline -0.002 -11"><span class='ocrx_word' id='word_1_139' title='bbox 192 1883 262 1921; x_wconf 91' lang='lat' dir='ltr'><strong>sed</strong></span> <span class='ocrx_word' id='word_1_140' title='bbox 291 1889 376 1919; x_wconf 91' lang='lat' dir='ltr'><strong>tuta</strong></span> <span class='ocrx_word' id='word_1_141' title='bbox 404 1882 520 1919; x_wconf 86' lang='lat' dir='ltr'><strong>faeno</strong></span> <span class='ocrx_word' id='word_1_142' title='bbox 550 1894 684 1919; x_wconf 84' lang='lat' dir='ltr'><strong>cursor</strong></span> <span class='ocrx_word' id='word_1_143' title='bbox 714 1894 788 1919; x_wconf 87' lang='lat' dir='ltr'><strong>ova</strong></span> <span class='ocrx_word' id='word_1_144' title='bbox 816 1880 1010 1931; x_wconf 86' lang='lat' dir='ltr'><strong>portabat.</strong></span> 
     </span>
    </p>

    <p class='ocr_par' dir='ltr' id='par_1_16' title="bbox 192 1945 1526 1996">
     <span class='ocr_line' id='line_1_27' title="bbox 192 1945 1526 1996; baseline -0.002 -11"><span class='ocrx_word' id='word_1_145' title='bbox 192 1948 341 1986; x_wconf 88' lang='lat' dir='ltr'><strong>Vrbem</strong></span> <span class='ocrx_word' id='word_1_146' title='bbox 372 1947 531 1996; x_wconf 82' lang='lat' dir='ltr'><strong>petebat</strong></span> <span class='ocrx_word' id='word_1_147' title='bbox 562 1948 736 1984; x_wconf 86' lang='lat' dir='ltr'><strong>Bassus?</strong></span> <span class='ocrx_word' id='word_1_148' title='bbox 774 1946 897 1984; x_wconf 91' lang='lat' dir='ltr'><strong>immo</strong></span> <span class='ocrx_word' id='word_1_149' title='bbox 927 1959 990 1984; x_wconf 91' lang='lat' dir='ltr'><strong>rus</strong></span> <span class='ocrx_word' id='word_1_150' title='bbox 1020 1945 1111 1984; x_wconf 91' lang='lat' dir='ltr'><strong>ibat.</strong></span> <span class='ocrx_word' id='word_1_151' title='bbox 1488 1962 1526 1994; x_wconf 82' lang='lat'><strong>15</strong></span> 
     </span>
    </p>
   </div>
   <div class='ocr_carea' id='block_1_5' title="bbox 193 2049 1526 2395">
    <p class='ocr_par' dir='ltr' id='par_1_17' title="bbox 195 2049 1526 2178">
     <span class='ocr_line' id='line_1_28' title="bbox 236 2049 1525 2089; baseline -0.001 -9"><span class='ocrx_word' id='word_1_152' title='bbox 236 2051 348 2080; x_wconf 90' lang='lat' dir='ltr'>XLVI</span> <span class='ocrx_word' id='word_1_153' title='bbox 367 2059 386 2088; x_wconf 85' lang='lat'><strong>3</strong></span> <span class='ocrx_word' id='word_1_154' title='bbox 404 2050 543 2080; x_wconf 86' lang='lat' dir='ltr'><strong>multum</strong></span> <span class='ocrx_word' id='word_1_155' title='bbox 562 2060 592 2089; x_wconf 87' lang='lat' dir='ltr'><strong>p.</strong></span> <span class='ocrx_word' id='word_1_156' title='bbox 611 2054 663 2080; x_wconf 88' lang='lat' dir='ltr'><strong>est</strong></span> <span class='ocrx_word' id='word_1_157' title='bbox 686 2049 715 2079; x_wconf 90' lang='lat' dir='ltr'><em>T</em></span> <span class='ocrx_word' id='word_1_158' title='bbox 781 2053 855 2079; x_wconf 86' lang='lat' dir='ltr'><strong>este</strong></span> <span class='ocrx_word' id='word_1_159' title='bbox 875 2049 922 2079; x_wconf 75' lang='lat' dir='ltr'><strong>CA</strong></span> <span class='ocrx_word' id='word_1_160' title='bbox 939 2049 1013 2089; x_wconf 77' lang='lat' dir='ltr'><strong>(pro</strong></span> <span class='ocrx_word' id='word_1_161' title='bbox 1029 2054 1080 2085; x_wconf 74' lang='lat' dir='ltr'><strong>ee,</strong></span> <span class='ocrx_word' id='word_1_162' title='bbox 1101 2049 1119 2079; x_wconf 77' lang='lat' dir='ltr'><strong>i.</strong></span> <span class='ocrx_word' id='word_1_163' title='bbox 1135 2059 1159 2079; x_wconf 83' lang='lat' dir='ltr'><strong>e.</strong></span> <span class='ocrx_word' id='word_1_164' title='bbox 1181 2049 1271 2085; x_wconf 53' lang='lat' dir='ltr'><strong>esse}</strong></span> <span class='ocrx_word' id='word_1_165' title='bbox 1382 2058 1402 2088; x_wconf 89' lang='lat'>5</span> <span class='ocrx_word' id='word_1_166' title='bbox 1427 2049 1525 2079; x_wconf 89' lang='lat' dir='ltr'><strong>umbo</strong></span> 
     </span>
     <span class='ocr_line' id='line_1_29' title="bbox 195 2092 1526 2134; baseline -0.002 -9"><span class='ocrx_word' id='word_1_167' title='bbox 195 2095 242 2125; x_wconf 75' lang='lat' dir='ltr'><strong>CA</strong></span> <span class='ocrx_word' id='word_1_168' title='bbox 257 2097 321 2134; x_wconf 65' lang='lat' dir='ltr'><strong>[seq</strong></span> <span class='ocrx_word' id='word_1_169' title='bbox 348 2105 385 2134; x_wconf 80' lang='lat' dir='ltr'><strong>re</strong></span> <span class='ocrx_word' id='word_1_170' title='bbox 401 2094 414 2134; x_wconf 83' lang='lat'>)</span> <span class='ocrx_word' id='word_1_171' title='bbox 580 2104 596 2132; x_wconf 94' lang='lat'>7</span> <span class='ocrx_word' id='word_1_172' title='bbox 623 2104 724 2124; x_wconf 84' lang='lat' dir='ltr'><strong>causa</strong></span> <span class='ocrx_word' id='word_1_173' title='bbox 740 2093 870 2124; x_wconf 63' lang='lat' dir='ltr'><strong>AACA:</strong></span> <span class='ocrx_word' id='word_1_174' title='bbox 897 2103 1031 2123; x_wconf 81' lang='lat' dir='ltr'><strong>causam</strong></span> <span class='ocrx_word' id='word_1_175' title='bbox 1048 2092 1103 2122; x_wconf 74' lang='lat' dir='ltr'><strong>BA</strong></span> <span class='ocrx_word' id='word_1_176' title='bbox 1260 2092 1281 2122; x_wconf 86' lang='lat'>8</span> <span class='ocrx_word' id='word_1_177' title='bbox 1305 2092 1398 2123; x_wconf 85' lang='lat' dir='ltr'><strong>addit</strong></span> <span class='ocrx_word' id='word_1_178' title='bbox 1416 2092 1460 2122; x_wconf 90' lang='lat' dir='ltr'><strong>ibi</strong></span> <span class='ocrx_word' id='word_1_179' title='bbox 1479 2093 1526 2123; x_wconf 73' lang='lat' dir='ltr'><strong>CA</strong></span> 
     </span>
     <span class='ocr_line' id='line_1_30' title="bbox 195 2136 861 2178; baseline -0.002 -10"><span class='ocrx_word' id='word_1_180' title='bbox 195 2144 274 2178; x_wconf 58' lang='lat' dir='ltr'><strong>*pro</strong></span> <span class='ocrx_word' id='word_1_181' title='bbox 290 2138 409 2169; x_wconf 47' lang='lat' dir='ltr'><strong>adtibi}</strong></span> <span class='ocrx_word' id='word_1_182' title='bbox 548 2147 581 2166; x_wconf 93' lang='lat'><strong>11</strong></span> <span class='ocrx_word' id='word_1_183' title='bbox 611 2136 710 2177; x_wconf 83' lang='lat' dir='ltr'><strong>nihil]</strong></span> <span class='ocrx_word' id='word_1_184' title='bbox 729 2137 810 2166; x_wconf 86' lang='lat' dir='ltr'><strong>mihi</strong></span> <span class='ocrx_word' id='word_1_185' title='bbox 832 2137 861 2167; x_wconf 90' lang='lat' dir='ltr'><em>T</em></span> 
     </span>
    </p>

    <p class='ocr_par' dir='ltr' id='par_1_18' title="bbox 193 2178 1525 2395">
     <span class='ocr_line' id='line_1_31' title="bbox 237 2178 1525 2220; baseline -0.002 -8"><span class='ocrx_word' id='word_1_186' title='bbox 237 2182 365 2212; x_wconf 87' lang='lat' dir='ltr'>XLVII</span> <span class='ocrx_word' id='word_1_187' title='bbox 392 2193 411 2220; x_wconf 90' lang='lat'><strong>4</strong></span> <span class='ocrx_word' id='word_1_188' title='bbox 431 2180 559 2220; x_wconf 68' lang='lat' dir='ltr'><strong>pusilli]</strong></span> <span class='ocrx_word' id='word_1_189' title='bbox 580 2180 707 2219; x_wconf 83' lang='lat' dir='ltr'><strong>plusilli</strong></span> <span class='ocrx_word' id='word_1_190' title='bbox 722 2180 776 2210; x_wconf 59' lang='lat' dir='ltr'><strong>BA</strong></span> <span class='ocrx_word' id='word_1_191' title='bbox 864 2181 885 2209; x_wconf 88' lang='grc'>6</span> <span class='ocrx_word' id='word_1_192' title='bbox 909 2181 1047 2210; x_wconf 84' lang='lat' dir='ltr'><strong>trahens</strong></span> <span class='ocrx_word' id='word_1_193' title='bbox 1064 2179 1152 2210; x_wconf 87' lang='lat' dir='ltr'><strong>ruris</strong></span> <span class='ocrx_word' id='word_1_194' title='bbox 1163 2178 1238 2209; x_wconf 83' lang='lat' dir='ltr'><strong>Ital.</strong></span> <span class='ocrx_word' id='word_1_195' title='bbox 1255 2189 1261 2209; x_wconf 94' lang='lat'><strong>:</strong></span> <span class='ocrx_word' id='word_1_196' title='bbox 1286 2178 1373 2209; x_wconf 87' lang='lat' dir='ltr'><strong>ruris</strong></span> <span class='ocrx_word' id='word_1_197' title='bbox 1391 2179 1525 2210; x_wconf 85' lang='lat' dir='ltr'><strong>trahent</strong></span> 
     </span>
     <span class='ocr_line' id='line_1_32' title="bbox 194 2222 1525 2263; baseline -0.002 -7"><span class='ocrx_word' id='word_1_198' title='bbox 194 2225 270 2255; x_wconf 72' lang='lat' dir='ltr'><strong>BA:</strong></span> <span class='ocrx_word' id='word_1_199' title='bbox 295 2226 435 2256; x_wconf 82' lang='lat' dir='ltr'><strong>trahens</strong></span> <span class='ocrx_word' id='word_1_200' title='bbox 460 2224 542 2254; x_wconf 86' lang='lat' dir='ltr'><strong>iuris</strong></span> <span class='ocrx_word' id='word_1_201' title='bbox 562 2224 610 2254; x_wconf 70' lang='lat' dir='ltr'><strong>CA</strong></span> <span class='ocrx_word' id='word_1_202' title='bbox 754 2235 774 2263; x_wconf 92' lang='lat'><strong>9</strong></span> <span class='ocrx_word' id='word_1_203' title='bbox 792 2223 892 2254; x_wconf 75' lang='lat' dir='ltr'><strong>utiles</strong></span> <span class='ocrx_word' id='word_1_204' title='bbox 909 2223 962 2253; x_wconf 71' lang='grc' dir='ltr'><strong>ΒΑ</strong></span> <span class='ocrx_word' id='word_1_205' title='bbox 1114 2233 1154 2253; x_wconf 88' lang='lat'><strong>10</strong></span> <span class='ocrx_word' id='word_1_206' title='bbox 1170 2232 1282 2253; x_wconf 82' lang='lat' dir='ltr'><strong>coram</strong></span> <span class='ocrx_word' id='word_1_207' title='bbox 1301 2222 1355 2252; x_wconf 80' lang='grc' dir='ltr'><strong>ΒΑ</strong></span> <span class='ocrx_word' id='word_1_208' title='bbox 1422 2223 1525 2253; x_wconf 83' lang='lat' dir='ltr'><strong>turris</strong></span> 
     </span>
     <span class='ocr_line' id='line_1_33' title="bbox 196 2265 1524 2308; baseline -0.002 -9"><span class='ocrx_word' id='word_1_209' title='bbox 196 2270 242 2299; x_wconf 65' lang='grc' dir='ltr'><strong>(ΓΑ</strong></span> <span class='ocrx_word' id='word_1_210' title='bbox 261 2273 297 2299; x_wconf 77' lang='lat' dir='ltr'><strong>n!</strong></span> <span class='ocrx_word' id='word_1_211' title='bbox 311 2269 374 2300; x_wconf 73' lang='lat' dir='ltr'><strong>vid.</strong></span> <span class='ocrx_word' id='word_1_212' title='bbox 390 2267 462 2308; x_wconf 80' lang='lat' dir='ltr'><strong>(sed</strong></span> <span class='ocrx_word' id='word_1_213' title='bbox 476 2267 584 2298; x_wconf 85' lang='lat' dir='ltr'><strong>turdis</strong></span> <span class='ocrx_word' id='word_1_214' title='bbox 601 2267 653 2305; x_wconf 62' lang='lat' dir='ltr'><strong>X)</strong></span> <span class='ocrx_word' id='word_1_215' title='bbox 790 2277 823 2297; x_wconf 85' lang='lat'><strong>11</strong></span> <span class='ocrx_word' id='word_1_216' title='bbox 846 2267 885 2298; x_wconf 91' lang='lat' dir='ltr'><strong>G.</strong></span> <span class='ocrx_word' id='word_1_217' title='bbox 900 2277 925 2298; x_wconf 90' lang='lat' dir='ltr'><strong>c.</strong></span> <span class='ocrx_word' id='word_1_218' title='bbox 943 2267 975 2297; x_wconf 93' lang='lat' dir='ltr'><strong>d.</strong></span> <span class='ocrx_word' id='word_1_219' title='bbox 991 2266 1065 2297; x_wconf 76' lang='lat' dir='ltr'><em>Ital.</em></span> <span class='ocrx_word' id='word_1_220' title='bbox 1082 2277 1090 2297; x_wconf 72' lang='grc' dir='ltr'><strong>ε</strong></span> <span class='ocrx_word' id='word_1_221' title='bbox 1113 2265 1285 2297; x_wconf 83' lang='lat' dir='ltr'><strong>callicanis</strong></span> <span class='ocrx_word' id='word_1_222' title='bbox 1301 2267 1437 2297; x_wconf 82' lang='lat' dir='ltr'><strong>dentem</strong></span> <span class='ocrx_word' id='word_1_223' title='bbox 1452 2266 1524 2296; x_wconf 76' lang='lat' dir='ltr'><strong>BA:</strong></span> 
     </span>
     <span class='ocr_line' id='line_1_34' title="bbox 193 2309 1525 2351; baseline -0.002 -8"><span class='ocrx_word' id='word_1_224' title='bbox 193 2313 399 2351; x_wconf 74' lang='lat' dir='ltr'><strong>gallicieanis</strong></span> <span class='ocrx_word' id='word_1_225' title='bbox 416 2313 538 2342; x_wconf 86' lang='lat' dir='ltr'><strong>dentes</strong></span> <span class='ocrx_word' id='word_1_226' title='bbox 556 2311 603 2341; x_wconf 61' lang='lat' dir='ltr'><strong>CA</strong></span> <span class='ocrx_word' id='word_1_227' title='bbox 622 2315 657 2340; x_wconf 77' lang='lat' dir='ltr'><strong>ut</strong></span> <span class='ocrx_word' id='word_1_228' title='bbox 672 2310 735 2341; x_wconf 74' lang='lat' dir='ltr'><em>vid.</em></span> <span class='ocrx_word' id='word_1_229' title='bbox 877 2321 913 2341; x_wconf 85' lang='lat'><strong>12</strong></span> <span class='ocrx_word' id='word_1_230' title='bbox 936 2310 1052 2341; x_wconf 87' lang='lat' dir='ltr'><strong>uictati</strong></span> <span class='ocrx_word' id='word_1_231' title='bbox 1071 2310 1225 2351; x_wconf 60' lang='lat' dir='ltr'><strong>Qicticti)</strong></span> <span class='ocrx_word' id='word_1_232' title='bbox 1246 2310 1292 2341; x_wconf 75' lang='lat' dir='ltr'><strong>CA</strong></span> <span class='ocrx_word' id='word_1_233' title='bbox 1381 2310 1457 2341; x_wconf 85' lang='lat' dir='ltr'><strong>fabo</strong></span> <span class='ocrx_word' id='word_1_234' title='bbox 1478 2309 1525 2341; x_wconf 73' lang='lat' dir='ltr'><strong>CA</strong></span> 
     </span>
     <span class='ocr_line' id='line_1_35' title="bbox 199 2354 716 2395; baseline -0.004 -9"><span class='ocrx_word' id='word_1_235' title='bbox 199 2367 235 2395; x_wconf 81' lang='lat'><strong>15</strong></span> <span class='ocrx_word' id='word_1_236' title='bbox 260 2357 385 2387; x_wconf 86' lang='lat' dir='ltr'><strong>Vrbem</strong></span> <span class='ocrx_word' id='word_1_237' title='bbox 402 2356 476 2387; x_wconf 71' lang='lat' dir='ltr'><strong>BA:</strong></span> <span class='ocrx_word' id='word_1_238' title='bbox 504 2355 648 2386; x_wconf 83' lang='lat' dir='ltr'><strong>Romam</strong></span> <span class='ocrx_word' id='word_1_239' title='bbox 669 2354 716 2385; x_wconf 72' lang='lat' dir='ltr'><strong>CA</strong></span> 
     </span>
    </p>
   </div>
  </div>
 </body>
</html>
