1648 2729
728 142 1198 199 EPIGRAMMATON
1230 161 1334 197 LIB.
1368 161 1428 197 IX

553 274 745 310 LXXXV

88 337 332 389 Languidior
360 345 494 376 noster
523 337 555 376 si
584 338 747 387 quando
776 344 835 376 est
865 338 1021 383 Paulus,
1055 336 1161 382 Atili,

142 417 222 442 non
252 417 303 451 se,
335 403 521 442 convivas
549 403 721 441 abstinet
749 402 814 441 ille
843 415 945 441 suos

87 470 150 507 Tu
181 470 369 519 languore
398 468 560 518 quidem
591 468 722 506 subito
752 469 926 517 fictoque
955 467 1120 514 laboras,

141 535 211 573 sed
241 547 330 573 mea
358 533 528 585 porrexit
557 535 742 584 sportula,
775 534 906 580 Paule,
939 534 1072 583 pedeS.

541 622 755 659 LXXXVI

90 686 291 726 Festinata
319 686 379 725 sui
408 694 581 737 gemeret
611 687 721 737 quod
750 688 828 724 fata
858 686 989 724 Severi

143 751 272 799 Silius,
303 751 486 790 Ausonio
516 766 597 791 non
627 753 749 790 semel
779 765 846 790 ore
875 759 1028 802 potens,

87 831 178 856 cum
207 830 323 868 grege
353 817 482 856 Pierio
512 825 684 856 maestus
715 818 962 867 Phoeboque
992 817 1193 867 querebar.

144 884 259 933 ‘Ipse
289 897 423 922 meum
453 883 562 921 flevi’
593 883 690 922 dixit
719 884 866 933 Apollo
898 881 1100 920 ‘Linon':

88 948 336 999 respexitque
364 962 476 986 suam
507 962 609 998 quae
638 949 767 987 stabat
795 948 973 998 proxima
1002 947 1107 985 fratri

142 1014 350 1065 Calliopen
381 1021 419 1052 et
447 1014 528 1052 ait:
569 1015 656 1052 ‘Tu
686 1027 847 1064 quoque
875 1015 1018 1051 vulnus
1048 1013 1181 1050 habes.

87 1079 220 1130 aspice
249 1079 464 1130 Tarpeium
495 1078 800 1129 Palatinumque
828 1080 1084 1117 Tonantem:

141 1158 237 1184 ausa
264 1146 375 1184 nefas
405 1144 592 1184 Lachesis
621 1143 734 1183 laesit
762 1152 975 1194 utrumque
1005 1145 1154 1182 Iovem.

89 1209 252 1248 numina
281 1223 372 1248 cum
402 1209 536 1248 videas
565 1209 672 1248 duris
702 1209 875 1248 obnoxia
903 1208 1002 1256 fatis,

143 1274 291 1314 invidia
320 1275 447 1326 possis
477 1289 689 1314 exonerare
719 1275 842 1314 deos.'
1390 1288 1430 1309 10

525 1359 764 1396 LXXXVII

199 1426 360 1474 Septem
390 1431 480 1474 post
510 1423 652 1462 calices
684 1423 888 1473 Opimiani

198 1490 324 1528 denso
354 1503 444 1528 cum
475 1489 626 1528 iaceam
655 1488 796 1527 triente
826 1489 994 1536 blaesus,

198 1556 328 1594 adfers
358 1554 494 1593 nescio
523 1567 621 1604 quas
651 1554 749 1592 mihi
778 1555 942 1593 tabellas

199 1628 238 1659 et
267 1620 366 1659 dicis
397 1621 551 1658 ‘Modo
580 1619 748 1658 liberum
778 1633 863 1658 esse
892 1619 987 1658 iussi

200 1687 599 1724 Nastam—servolus
629 1692 687 1723 est
717 1684 814 1722 mihi
843 1692 1084 1735 paternus—
1417 1699 1432 1729 ,ε

199 1750 334 1800 signa.'
391 1751 487 1790 Cras
517 1750 668 1798 melius,
701 1752 892 1800 Luperce,
924 1751 1016 1787 fiet:

200 1829 306 1855 nunc
335 1815 462 1866 signat
492 1829 603 1854 meus
631 1817 774 1854 anulus
802 1816 997 1865 lagonam.

526 1904 789 1941 LXXXVIII

94 1970 198 2010 Cum
228 1982 292 2008 rne
321 1976 508 2020 captares,
541 1968 725 2008 mittebas
755 1981 920 2006 munera
948 1967 1090 2006 nobis:

147 2042 359 2086 postquam
388 2034 538 2085 cepisti,
569 2035 641 2072 das
670 2033 777 2080 mihi,
811 2034 927 2080 Rufe,
958 2032 1066 2070 nihil.

142 2139 308 2170 LXXXV
323 2139 396 2171 hab.
419 2139 449 2170 T
514 2149 528 2169 1
548 2138 655 2169 nostri
670 2137 720 2168 CA
794 2137 896 2176 paule
911 2136 999 2167 satili
1023 2136 1052 2167 T
1159 2146 1178 2165 2
1203 2135 1365 2166 conbibas
1389 2135 1439 2165 CA

97 2184 131 2224 (i.
144 2194 168 2215 e.
188 2185 314 2221 -uiuas)
485 2193 505 2221 3
530 2183 728 2221 languorem
747 2182 831 2222 (we)
848 2182 914 2211 cito
931 2180 1042 2211 subito
1061 2179 1110 2210 CA
1233 2179 1369 2210 labores
1390 2179 1439 2209 CA

96 2238 116 2266 4
140 2227 241 2267 paulo
259 2227 309 2258 CA
397 2226 520 2266 pedem
533 2226 588 2256 BA
853 2224 1034 2255 LXXXVI
1065 2234 1077 2254 1
1105 2222 1132 2253 si
1145 2222 1193 2254 CA
1272 2233 1348 2254 cum
1361 2223 1437 2253 BA:

96 2272 185 2311 quod
202 2271 252 2302 CA
327 2271 414 2301 facta
429 2270 486 2300 BA
617 2279 636 2299 2
660 2273 773 2309 potest
791 2268 840 2299 CA
973 2279 993 2307 4
1017 2268 1112 2298 fleuit
1127 2267 1184 2296 BA
1279 2267 1371 2297 linen
1391 2267 1440 2297 CA

97 2325 184 2354 7-10
208 2326 280 2346 nov,
296 2316 395 2356 engr.
418 2313 467 2344 CA
587 2324 609 2353 9
634 2313 732 2343 factis
746 2312 802 2342 ΒΑ
1067 2310 1268 2341 LXXXVII
1293 2320 1312 2350 5
1337 2321 1440 2341 zonas

97 2364 166 2390 tam
186 2358 234 2389 CA
394 2359 416 2388 6
439 2356 532 2397 cras]
549 2367 646 2388 saera
664 2357 713 2388 CA
869 2366 886 2395 7
911 2355 1034 2386 melius
1050 2355 1104 2396 (tf
1124 2366 1154 2385 v.
1172 2356 1207 2395 6)
1224 2354 1371 2394 angulus
1385 2355 1441 2384 BA

99 2401 318 2433 LXXXVIII
342 2402 417 2434 hab.
435 2402 469 2432 R
561 2412 575 2432 1
602 2401 745 2432 Cumine
762 2411 809 2431 ca.
833 2399 865 2430 R
955 2403 1093 2439 captare
1112 2399 1161 2430 CA
1276 2409 1296 2429 2
1321 2398 1440 2438 cepisti

98 2447 158 2477 ΑΑ
182 2449 295 2486 <coep-
313 2446 359 2485 R)
377 2446 453 2476 BA:
479 2445 597 2476 desisti
616 2445 665 2476 CA
