1648 2729
202 161 258 198 M.
291 161 415 198 VAL.
450 161 766 199 MARTIALIS

202 271 253 309 Di
283 272 386 311 bene
415 274 524 323 quod
553 281 691 312 sancto
720 273 871 324 peperit
899 275 1072 313 fecunda
1100 274 1252 323 marito,
1519 291 1536 323 5

253 339 363 387 quod
392 346 522 387 sperat
550 352 716 389 generos
746 341 936 390 quodque
966 342 1098 390 puella
1126 354 1259 379 nurus.

200 402 264 441 Sic
293 404 446 453 placeat
475 403 624 453 superis
655 411 697 442 ut
726 404 894 455 coniuge
928 407 1098 455 gaudeat
1127 419 1208 444 uno

254 476 292 506 et
321 481 477 518 semper
505 468 606 507 natis
634 471 804 519 gaudeat
832 469 897 508 illa
926 470 1061 509 tribus.

713 585 809 622 LIV

200 665 412 713 Vnguenta
441 672 478 703 et
508 665 631 703 casias
662 673 699 703 et
729 667 903 704 olentem
932 668 1069 705 funera
1099 680 1270 705 murram

253 737 418 779 turaque
448 731 498 768 de
527 730 661 769 medio
691 730 964 770 semicremata
992 745 1087 781 rogo

199 802 236 832 et
267 808 368 845 quae
398 796 448 834 de
478 795 612 846 Stygio
642 796 803 846 rapuisti
833 796 1019 835 cinnama
1047 798 1162 844 lecto,

252 860 429 910 inprobe,
462 862 512 899 de
541 860 654 911 turpi,
686 861 809 910 Zoile,
837 863 960 901 redde
990 862 1090 901 sinu.

199 928 233 962 A
264 925 433 974 pedibus
463 925 637 964 didicere
667 940 807 964 manus
836 940 1001 976 peccare
1030 934 1245 977 protervae.
1518 944 1535 974 5

252 1004 332 1028 non
363 990 482 1028 miror
510 993 646 1039 furem,
679 991 745 1041 qui
775 992 959 1042 fugitivus
988 1005 1083 1030 eras.

725 1115 797 1151 LV

200 1198 391 1234 Hortatur
421 1195 502 1234 fieri
534 1197 642 1246 quod
673 1205 711 1235 te
743 1198 890 1246 Lupus,
922 1197 1079 1243 Vrbice,
1112 1205 1274 1247 patrem,

251 1276 300 1300 ne
330 1263 492 1309 credas3
531 1262 628 1300 nihil
658 1270 716 1300 est
746 1264 855 1312 quod
886 1262 1016 1301 minus
1046 1262 1110 1301 ille
1139 1263 1244 1302 velit.

196 1341 255 1365 ars
287 1335 345 1365 est
375 1327 561 1377 captandi
591 1329 701 1377 quod
731 1328 831 1366 nolis
861 1330 961 1367 velle
990 1328 1113 1367 videri
1128 1343 1138 1376 3

250 1406 300 1431 ne
329 1392 448 1431 facias
478 1400 588 1442 optat
618 1394 727 1443 quod
756 1401 866 1443 rogat
894 1401 937 1432 ut
966 1394 1098 1432 facias.

197 1459 301 1496 dicat
331 1466 612 1508 praegnantem
647 1466 714 1496 tua
744 1472 785 1497 se
816 1458 1016 1498 Cosconia
1045 1466 1227 1497 tantum:
1515 1475 1532 1506 5

250 1523 431 1573 pallidior
459 1523 528 1561 fiet
557 1523 634 1561 iam
665 1524 840 1574 pariente
871 1526 1018 1574 Lupus.

196 1591 248 1627 At
279 1597 320 1627 tu
351 1589 517 1627 consilio
546 1589 713 1628 videaris
743 1597 786 1627 ut
815 1603 909 1628 usus
938 1589 1068 1637 amici,

251 1655 305 1692 sic
336 1668 486 1693 morere
516 1662 558 1692 ut
587 1656 735 1693 factum
766 1663 803 1693 te
833 1662 943 1705 putet
973 1669 1059 1693 esse
1087 1663 1250 1705 patrem.

708 1773 801 1809 LVI

197 1855 317 1902 Quod
348 1853 514 1891 nimium
546 1861 724 1901 mortem,
758 1855 1008 1893 Chaeremon
1043 1854 1187 1902 Stoice,
1218 1855 1366 1901 laudas,

248 1919 304 1957 vis
334 1919 511 1957 animum
543 1919 658 1958 mirer
688 1919 980 1970 suspiciamque
1010 1922 1152 1958 tuum?

195 1986 297 2023 hanc
327 1984 398 2023 tibi
427 1984 610 2023 virtutem
640 1986 761 2024 fracta
789 1985 881 2024 facit
910 1999 1050 2024 urceus
1080 1999 1185 2032 ansa,

250 2058 287 2088 et
317 2050 434 2088 tristis
464 2052 574 2089 nullo
603 2050 670 2100 qui
701 2059 807 2101 tepet
836 2051 925 2101 igne
954 2052 1080 2098 focus,

243 2175 318 2206 LIII
346 2187 362 2215 7
388 2176 417 2207 si
433 2177 508 2208 BA:
533 2178 582 2207 sic
600 2177 649 2208 CA
912 2178 990 2208 LIV
1005 2178 1079 2209 lmb.
1104 2179 1199 2219 (post
1215 2178 1291 2214 LV)
1315 2177 1345 2207 T
1443 2188 1463 2216 4
1487 2177 1529 2207 de

195 2219 300 2259 turpi]
319 2221 419 2250 detur
437 2220 486 2251 CA
634 2231 652 2259 5
677 2226 869 2261 proteruam
887 2222 944 2252 ΒΑ
1089 2224 1110 2253 6
1133 2232 1209 2252 eras
1225 2220 1344 2251 AABA
1359 2232 1367 2252 t
1390 2226 1464 2251 erat
1480 2220 1529 2251 CA

198 2264 254 2293 LV
278 2263 351 2294 llab.
379 2264 409 2295 T
496 2274 509 2294 1
538 2264 581 2296 H.
602 2264 658 2295 tibi
681 2265 701 2295 f.
735 2266 765 2296 T
857 2267 946 2305 quod
972 2266 1022 2306 te]
1048 2277 1114 2305 quo
1138 2265 1191 2296 die
1217 2264 1267 2296 CA
1291 2264 1458 2304 (quotidie
1481 2265 1528 2302 A,

195 2307 318 2337 cotidie
335 2307 380 2345 V>
517 2319 536 2346 3
561 2309 657 2339 nobis
677 2308 725 2339 CA
868 2321 886 2348 4
913 2320 974 2340 nec
991 2309 1093 2340 faciat
1115 2310 1145 2340 T
1290 2309 1311 2338 6
1335 2307 1463 2348 pariete
1481 2307 1529 2338 CA

197 2351 268 2380 LVI
293 2362 343 2381 vv.
371 2361 466 2382 1—10.
488 2354 594 2390 13-16
611 2352 684 2383 hab.
714 2352 744 2382 T
828 2363 842 2382 1
869 2358 1010 2383 mortem
1027 2377 1035 2384 .
1055 2377 1062 2384 .
1081 2377 1089 2384 .
1110 2353 1226 2384 laudas
1247 2351 1388 2383 ΑΑΒΑι
1414 2352 1530 2382 Iaudas

225 2418 230 2424 .
253 2417 260 2424 .
281 2400 421 2425 mortem
442 2395 490 2425 CA
564 2397 738 2427 dieremon
762 2396 792 2426 T
861 2398 924 2427 stoi
945 2396 995 2427 CA
1016 2398 1097 2437 (non
1114 2395 1164 2437 X)
1311 2406 1331 2425 2
1355 2395 1458 2426 miser
1475 2395 1529 2425 ΒΑ

195 2419 226 2475 is
238 2443 298 2477 pro
314 2443 344 2476 r)
