1648 2729
149 139 205 176 M.
236 138 360 176 VAL.
392 139 708 178 MARTIALIS

147 251 214 288 dat
243 251 424 301 populus,
457 251 525 289 dat
554 257 685 301 gratus
715 264 848 301 eques,
880 252 949 290 dat
978 259 1064 291 tura
1092 261 1263 302 senatus,

199 322 238 354 et
267 314 395 354 ditant
424 314 556 354 Latias
586 314 699 354 tertia
727 317 835 354 dona
863 315 1010 356 tribus:

146 381 219 419 hos
248 394 409 431 quoque
438 388 609 420 secretos
639 381 873 420 memoravit
903 383 1036 421 Roma
1065 382 1299 434 triumphos,
1465 400 1482 432 5

199 459 273 485 nec
303 445 432 485 minor
460 446 534 485 ista
562 453 653 485 tuae
681 448 814 485 laurea
841 446 949 498 pacis
979 455 1074 497 erat,

146 512 255 562 quod
285 511 356 550 tibi
385 513 436 550 de
465 519 601 553 sancta
629 511 755 550 credis
785 511 931 562 pietate
959 520 1129 552 tuorum.

202 576 394 628 Principis
425 584 484 616 est
512 576 633 615 virtus
663 576 834 616 maxima
863 591 981 617 nosse
1010 591 1114 617 suos.

656 656 757 692 XVI

254 718 383 758 Pistor
411 718 479 769 qui
506 720 634 758 fueras
663 719 743 767 diu,
776 720 940 770 Cypere,

253 798 390 823 causas
420 798 527 823 nunc
555 784 637 835 agis
667 793 706 823 et
735 785 892 823 ducena
921 784 1103 835 quaeris:

253 851 324 890 sed
353 850 555 889 consumis
586 858 623 889 et
653 864 779 900 usque
809 850 1010 890 mutuaris.

252 917 289 953 A
317 915 475 966 pistore,
509 916 672 965 Cypere‚
705 929 786 954 non
815 915 993 956 recedis:

253 988 291 1019 et
319 994 464 1031 panem
493 980 588 1020 facis
619 988 657 1020 et
685 980 780 1020 facis
809 981 986 1020 farinam.
1462 1000 1480 1031 5

640 1065 764 1102 XVII

147 1128 229 1179 Egi,
262 1130 389 1176 Sexte,
420 1136 528 1167 tuam
558 1136 696 1179 pactus
726 1130 807 1168 duo
837 1128 945 1167 milia
974 1142 1144 1168 causam.

197 1193 337 1232 misisti
365 1207 552 1232 nummos
582 1195 691 1244 quod
721 1193 818 1232 mihi
848 1193 955 1232 mille
984 1194 1081 1245 quid
1111 1196 1201 1233 est?

147 1258 347 1298 ‘Narrasti
376 1258 495 1297 nihil’
524 1258 654 1309 inquis
687 1262 747 1298 ‘et
775 1273 799 1298 a
827 1267 866 1298 te
894 1259 1047 1310 perdita
1076 1274 1195 1299 causa
1224 1262 1307 1299 est.'

197 1326 328 1364 Tanto
357 1326 445 1376 plus
475 1325 610 1372 debes,
641 1326 768 1373 Sexte,
800 1327 910 1376 quod
940 1325 1089 1365 erubui.

627 1409 775 1446 XVIII

143 1471 182 1510 Si
211 1480 288 1520 tua,
321 1472 484 1520 Cerrini‚
515 1486 673 1523 promas
703 1472 985 1523 epigrammata
1013 1475 1142 1525 vulgo,

195 1539 257 1576 vel
286 1551 443 1577 mecum
473 1537 601 1588 possis
630 1540 691 1577 vel
720 1538 826 1589 prior
853 1537 938 1589 ipse
967 1538 1069 1589 legi:

142 1604 212 1642 sed
242 1602 313 1641 tibi
342 1610 474 1642 tantus
503 1603 605 1642 inest
633 1603 773 1642 veteris
802 1611 1003 1654 respectus
1031 1603 1149 1643 amici

195 1668 320 1707 carior
349 1676 392 1706 ut
421 1682 509 1707 mea
539 1668 587 1706 sit
617 1682 737 1718 quam
766 1676 833 1706 tua
861 1670 966 1707 fama
995 1668 1077 1707 tibi.

142 1733 196 1772 sic
227 1735 343 1772 Maro
372 1747 447 1772 nec
477 1733 635 1773 Calabri
664 1733 870 1783 temptavit
899 1733 1074 1772 carmina
1103 1733 1245 1781 Flacci,
1460 1751 1478 1784 5

196 1798 426 1837 Pindaricos
456 1806 591 1837 nosset
621 1812 711 1837 cum
741 1813 924 1849 superare
954 1800 1109 1847 modos,

142 1872 179 1902 et
208 1864 329 1903 Vario
359 1864 475 1903 cessit
506 1865 680 1903 Romani
708 1866 827 1903 laude
856 1865 1051 1912 cothurni,

195 1943 286 1968 cum
316 1937 450 1980 posset
480 1929 627 1980 tragico
657 1929 794 1969 fortius
825 1943 892 1969 ore
920 1929 1040 1980 loqui.

142 1997 293 2034 Aurum
324 2002 362 2034 et
391 2008 486 2045 opes
517 2002 555 2034 et
584 2008 672 2033 rura
700 1996 884 2045 frequens
914 1994 1080 2034 donabit
1108 1994 1285 2033 amicus:

195 2061 262 2110 qui
290 2059 384 2099 velit
411 2059 571 2111 ingenio
599 2061 741 2099 cedere
770 2073 876 2098 rarus
905 2059 988 2098 erit.
1438 2075 1477 2098 10

185 2163 249 2194 XV
272 2175 291 2202 4
309 2163 410 2195 latiae
423 2163 471 2194 CA
561 2172 580 2202 5
606 2163 805 2194 memorabit
817 2163 871 2194 BA
886 2174 891 2194 :
919 2162 1117 2194 memorauit
1135 2161 1185 2193 CA
1271 2163 1293 2193 6
1317 2162 1382 2193 erit
1397 2162 1452 2193 BA
1468 2174 1476 2194 ε

141 2212 212 2237 erat
225 2207 273 2237 CA
362 2208 382 2238 8
399 2207 543 2238 maxima
560 2207 650 2248 (Δί)
664 2207 714 2237 vel
724 2207 870 2238 maxime
886 2207 977 2247 (ΡΩ)
991 2206 1064 2236 BA:
1081 2205 1226 2236 maxima
1241 2205 1305 2247 (A)
1320 2206 1474 2237 velmax-

142 2251 207 2281 ime
226 2249 283 2289 gE)
305 2250 355 2281 CA
371 2262 378 2281 ε
403 2251 547 2281 maxima
564 2262 603 2281 ex
619 2251 764 2281 maxime
782 2250 816 2281 D
964 2250 1045 2281 XVI
1070 2260 1089 2288 4
1107 2249 1139 2280 A
1159 2249 1221 2289 (E)
1240 2250 1329 2280 velE
1347 2248 1412 2291 (X)
1425 2249 1476 2281 CA

142 2304 161 2333 5
186 2295 335 2334 rapinam
353 2294 407 2324 BA
424 2307 430 2326 :
454 2295 595 2325 farinam
614 2294 663 2325 CA
811 2293 911 2325 XVII
936 2294 1009 2324 hab.
1031 2293 1061 2323 T
1122 2304 1142 2324 2
1165 2293 1245 2333 quid
1259 2299 1278 2324 e
1290 2293 1338 2324 CA
1355 2297 1393 2324 ut
1405 2293 1470 2325 vid.

145 2338 238 2377 (quid
256 2343 307 2368 est
324 2338 404 2377 EA,
428 2338 563 2378 quidem
580 2337 695 2379 XBC)
940 2337 1057 2368 XVIII
1083 2347 1131 2368 vv.
1159 2338 1230 2377 1—6,
1248 2347 1336 2376 9-10
1350 2337 1424 2368 hab.
1449 2336 1479 2368 T

143 2391 156 2410 1
184 2381 240 2412 Sic
259 2380 309 2412 CA
429 2392 448 2412 2
473 2381 585 2422 poscis
600 2381 656 2412 B>—
773 2382 795 2411 6
819 2380 927 2421 possit
942 2382 1002 2411 AA
1020 2383 1100 2421 (pro
1116 2385 1234 2420 posset
1244 2381 1268 2419 Ζ)
1288 2381 1341 2420 (cf.
1360 2391 1389 2412 v.
1407 2381 1445 2422 8)
1460 2391 1467 2410 :

141 2429 258 2455 nosset
274 2425 382 2456 BACA
515 2435 536 2465 9
560 2425 698 2456 donauit
717 2424 765 2456 CA
787 2426 876 2466 (cum
893 2423 923 2454 L
938 2428 1013 2456 ante
1028 2424 1125 2465 cotr.)
1141 2424 1178 2466 (i.
1189 2435 1212 2456 e.
1233 2423 1308 2466 -bit)
