1648 2729
209 143 264 180 M.
296 142 419 180 VAL.
452 142 766 181 MARTIALIS

206 251 298 291 fecit
328 252 578 303 Hyperborei
608 252 825 291 celebrator
854 253 973 291 Stella
1002 252 1201 303 triumphi,

261 331 285 356 o
314 319 466 368 pudor!
505 331 529 356 o
558 317 709 368 pietas!
748 325 786 356 et
814 325 926 368 putat
955 331 1040 356 esse
1069 331 1219 368 parurn.

208 396 288 421 non
317 382 372 420 illi
401 383 494 421 satis
523 390 582 421 est
610 383 768 422 turbato
797 382 980 421 sordidus
1008 396 1104 421 auro
1521 397 1539 430 5

262 449 437 486 Hermus
467 455 505 486 et
536 447 734 497 Hesperio
763 447 831 497 qui
859 454 974 485 sonat
1002 447 1097 486 orbe
1126 449 1270 498 Tagus.

207 512 335 551 omnis
365 513 485 552 habet
514 526 584 551 sua
613 514 720 551 dona
749 512 857 551 dies:
895 526 969 551 nec
998 512 1102 551 linea
1130 512 1241 551 dives

260 585 387 617 cessat
416 586 454 616 et
483 577 523 616 in
553 579 745 629 populum
775 579 899 616 multa
927 577 1064 629 rapina
1092 577 1197 616 cadit
1212 592 1222 625 5

207 656 313 681 nunc
342 643 505 682 veniunt
535 642 673 681 subitis
702 642 846 681 lasciva
874 642 1112 681 nomismata
1140 642 1297 690 nimbis,

261 722 367 747 nunc
396 709 464 747 dat
493 715 688 759 spectatas
718 715 864 746 tessera
892 709 997 757 larga
1025 709 1135 755 feras,
1504 724 1544 746 10

208 787 313 812 nunc
342 773 504 823 implere
534 773 642 811 sinus
672 786 830 812 securos
860 774 1006 823 gaudet
1035 780 1073 812 et
1101 773 1246 812 absens

261 838 419 877 sortitur
447 838 643 886 dominos,
676 852 726 877 ne
755 839 960 886 laceretur,
989 837 1082 876 avis.

208 903 303 953 quid
334 917 537 942 numerem
568 917 702 942 currus
732 910 789 942 ter
818 905 1001 953 denaque
1030 902 1203 953 praemia
1231 904 1396 953 palmae,

262 982 363 1018 quae
393 970 485 1007 dare
515 983 597 1007 non
626 982 782 1019 semper
811 970 950 1007 consul
979 976 1144 1018 uterque
1173 969 1301 1006 solet?

208 1033 342 1072 omnia
371 1035 453 1080 sed,
484 1035 639 1080 Caesar,
672 1041 782 1072 tanto
812 1040 1044 1084 superantur
1073 1034 1235 1080 honore,
1504 1048 1541 1081 15

262 1100 370 1149 quod
401 1106 663 1149 spectatorem
693 1106 731 1137 te
761 1106 828 1137 tua
857 1100 987 1136 laurus
1017 1099 1148 1137 habet.

680 1176 856 1212 LXXIX

316 1239 458 1279 Omnis
488 1247 555 1278 aut
584 1241 735 1278 vetulas
766 1240 889 1278 habes
919 1238 1066 1278 amicas

315 1312 382 1343 aut
412 1305 534 1355 turpis
563 1304 784 1355 vetulisque
813 1305 1020 1343 foediores.

316 1371 386 1408 has
416 1369 528 1408 ducis
558 1370 723 1408 comites
754 1369 953 1420 trahisque
983 1377 1115 1408 tecum

316 1448 384 1485 per
413 1435 602 1482 convivia,
634 1434 819 1485 porticus,
851 1436 1012 1473 theatra.

316 1499 371 1538 sic
401 1501 611 1547 formonsa,
645 1500 819 1546 Fabulla,
853 1499 908 1538 sic
938 1501 1069 1550 puella
1098 1512 1150 1538 es,
1527 1515 1544 1547 5

693 1577 845 1613 LXXX

209 1639 443 1676 Sanctorum
473 1638 588 1677 nobis
619 1637 806 1676 miracula
834 1638 966 1677 reddis
995 1651 1158 1676 avorum

263 1717 337 1742 nec
366 1703 519 1753 pateris,
554 1704 710 1750 Caesar,
742 1705 899 1741 saecula
928 1716 1027 1741 cana
1056 1702 1170 1750 mori,

209 1782 300 1806 cum
330 1776 480 1807 veteres
511 1768 646 1806 Latiae
666 1768 760 1806 ritus
790 1776 1029 1806 renovantur
1058 1769 1228 1806 harenae

263 1841 301 1871 et
330 1842 479 1884 pugnat
507 1833 627 1871 virtus
658 1833 896 1883 simpliciore
926 1847 1056 1871 manu.

209 1898 263 1936 sic
293 1898 429 1948 priscis
459 1906 632 1937 servatur
661 1900 788 1937 honos
819 1906 857 1936 te
885 1898 1066 1949 praeside
1095 1897 1253 1948 templis
1526 1915 1543 1947 5

263 1971 301 2002 et
330 1977 420 2002 casa
449 1972 529 2002 tam
560 1966 668 2002 culto
698 1964 772 2002 sub
804 1965 899 2002 Iove
929 1977 1079 2002 numen
1109 1964 1229 2002 habet
1245 1977 1255 2011 3

255 2066 438 2097 LXXVIII
463 2076 483 2105 3
507 2067 594 2097 stilla
613 2066 663 2098 CA
776 2078 796 2106 4
821 2071 855 2097 et
872 2067 915 2106 pi.
934 2067 968 2097 P
1073 2068 1095 2097 6
1119 2066 1201 2097 urbe
1228 2076 1336 2106 pagus
1363 2065 1414 2097 CA
1522 2077 1544 2106 9

210 2121 300 2141 nune
316 2109 393 2141 BA:
418 2115 497 2140 tune
517 2110 567 2141 CA
677 2110 776 2142 subiti
803 2110 854 2141 CA
1014 2121 1054 2141 10
1077 2110 1222 2151 tessera]
1241 2120 1313 2141 -ara
1328 2110 1447 2149 Lsorl.
1468 2114 1544 2141 recte

213 2163 248 2183 11
274 2164 414 2184 securus
429 2153 485 2183 ΒΑ
605 2164 643 2184 12
669 2155 825 2184 dominus
841 2153 898 2184 ΒΑ
915 2157 950 2184 ut
965 2154 1028 2185 vid.
1147 2164 1185 2192 13
1210 2164 1351 2185 numere
1368 2156 1503 2194 (numef
1515 2154 1540 2194 2)

212 2200 247 2226 ut
261 2197 323 2227 vid.
345 2197 400 2227 ΒΑ
417 2200 609 2236 <numerum
632 2197 669 2235 L,
688 2202 842 2228 numeret
858 2198 897 2237 Q,
918 2205 1114 2228 numeretur
1124 2197 1164 2236 P,
1185 2197 1411 2237 numerems)
1503 2206 1541 2236 15

210 2251 322 2271 amore
338 2239 368 2270 L
385 2252 391 2271 :
415 2241 564 2272 honores
583 2240 632 2271 CA
840 2243 878 2271 16
902 2241 1003 2271 habet
1015 2240 1071 2270 ΒΑ
1088 2253 1094 2271 :
1118 2246 1207 2271 amet
1221 2240 1271 2271 CA
1283 2245 1363 2282 (pro
1377 2240 1466 2280 abet,
1482 2241 1500 2271 ι’.
1511 2251 1536 2272 e.

211 2284 350 2322 habetl)
530 2284 682 2315 LXXIX
706 2295 725 2324 3
749 2284 852 2315 duces
870 2283 920 2315 CA
937 2288 974 2314 ul
987 2284 1050 2315 vid.
1072 2284 1134 2324 (zie.
1154 2285 1231 2324 —cis)
1411 2283 1542 2314 LXXX

211 2338 230 2357 2
256 2327 384 2366 poteris
412 2326 461 2358 CA
549 2338 567 2366 4
592 2332 625 2358 et
643 2333 772 2367 pugnat
787 2328 906 2358 Gzlbert
921 2339 927 2358 :
951 2332 985 2358 et
1002 2332 1131 2367 pugnet
1146 2327 1202 2357 ΒΑ
1217 2339 1224 2357 :
1247 2332 1281 2358 et
1297 2337 1411 2367 pugna
1427 2333 1461 2358 et
1479 2326 1541 2365 CA,

202 2371 284 2408 fort.
305 2374 400 2401 recte:
425 2375 460 2401 ut
477 2377 605 2410 pugnet
625 2371 744 2402 Gruter
836 2381 855 2409 5
879 2376 1033 2402 seruatur
1047 2370 1124 2402 BA:
1147 2375 1302 2402 seruatus
1317 2369 1368 2401 CA
1432 2371 1543 2402 honor

210 2420 243 2444 te
260 2413 314 2443 BA
330 2425 336 2444 :
359 2414 469 2444 honos
482 2419 514 2444 te
526 2414 589 2456 (A)
610 2414 658 2446 vel
672 2415 814 2445 honeste
831 2415 932 2457 (tae)
952 2414 1051 2456 (EX)
1071 2413 1121 2445 CA
1207 2416 1228 2445 6
1251 2424 1376 2445 nomen
1391 2413 1448 2444 BA
