1648 2729
715 110 1188 149 EPIGRAMMATON
1219 111 1323 148 LIB.
1356 110 1463 148 VIII

556 223 650 260 LVI
681 219 814 272 (LIV)

129 288 277 337 Magna
306 285 397 325 licet
426 285 570 325 totiens
600 286 760 334 tribuas,
791 285 940 325 maiora
968 287 1130 325 daturus

179 353 296 398 dona,
329 352 477 390 ducum
506 351 641 399 victor,
672 351 797 390 victor
825 359 864 390 et
892 350 976 402 ipse
1006 351 1073 398 tui,

125 416 296 467 diligeris
326 418 476 467 populo
505 430 586 455 non
616 424 776 467 propter
803 416 989 467 praemia,
1021 418 1178 464 Caesar,

180 489 217 521 te
247 489 406 533 propter
434 483 605 532 populus
634 481 819 532 praemia,
852 483 1007 529 Caesar,
1039 490 1155 520 amat.

629 587 748 625 LVII

123 665 221 703 Tres
251 663 390 702 habuit
418 664 569 709 dentes,
602 662 745 714 pariter
774 677 874 714 quos
904 663 1038 713 expuit
1067 677 1218 710 omnes,

176 730 228 768 ad
257 729 455 767 tumulum
485 728 627 767 Picens
657 730 753 767 dum
783 730 895 767 sedet
925 728 1008 779 ipse
1038 742 1182 777 suum;

123 793 361 844 collegitque
390 793 478 832 sinu
507 795 725 844 fragmenta
754 794 968 832 novissima
996 794 1072 832 laxi

176 859 254 898 oris
283 866 322 898 et
350 860 513 910 adgesta
540 859 828 898 contumulavit
856 861 991 898 humo.

123 925 226 964 Ossa
254 925 346 964 licet
375 926 580 975 quondam
610 925 788 964 defuncti
817 939 899 964 non
929 926 1032 975 legat
1061 926 1197 964 heres:
1446 942 1462 973 5

176 991 254 1029 hoc
283 989 358 1029 sibi
387 989 465 1029 iarn
496 989 638 1029 Picens
668 989 860 1041 praestitit
889 990 1074 1029 officium.

613 1096 757 1133 LVIII

122 1178 227 1216 Cum
257 1176 327 1215 tibi
357 1182 438 1215 tam
468 1190 621 1215 crassae
651 1176 740 1224 sint,
771 1176 1034 1225 Artemidore‚
1065 1178 1256 1224 lacernae,

176 1242 325 1293 possim
355 1249 394 1280 te
423 1241 598 1292 Sagarim
628 1241 712 1281 iure
740 1255 881 1281 vocare
911 1255 1013 1281 meo.

635 1348 732 1385 LIX

120 1428 277 1480 Aspicis
307 1430 414 1468 hunc
444 1443 525 1468 uno
554 1436 789 1468 contentum
818 1428 980 1477 lumine,
1011 1429 1123 1468 cuius

174 1494 282 1545 lippa
310 1495 384 1533 sub
414 1494 556 1533 adtrita
585 1496 714 1534 fronte
743 1496 886 1533 lacuna
914 1497 1055 1545 patet?

120 1573 170 1599 ne
199 1568 413 1599 contemne
442 1567 571 1610 caput,
603 1560 701 1598 nihil
731 1568 789 1599 est
817 1560 988 1598 furacius
1017 1560 1084 1599 illo
1100 1575 1110 1608 3

173 1638 256 1663 non
284 1624 357 1663 fuit
385 1624 572 1674 Autolyci
601 1632 681 1663 tarn
711 1625 887 1675 piperata
917 1639 1068 1663 manus.

120 1692 228 1729 hunc
257 1697 300 1728 tu
330 1689 538 1729 convivam
568 1697 706 1729 cautus
736 1703 889 1729 servare
918 1698 1144 1729 memento:
1442 1706 1458 1736 5

173 1763 268 1794 tunc
297 1755 388 1794 furit
416 1763 536 1806 atque
565 1757 682 1794 oculo
711 1757 844 1794 luscus
874 1764 1042 1806 utroque
1071 1756 1204 1795 videt:

118 1822 262 1871 pocula
291 1820 447 1860 solliciti
475 1822 647 1871 perdunt
675 1820 894 1871 ligulasque
924 1821 1090 1860 ministri

171 1893 211 1925 et
240 1887 335 1925 latet
363 1886 403 1924 in
433 1886 570 1936 tepido
599 1886 770 1936 plurima
798 1900 943 1936 mappa
972 1886 1061 1925 sinu
1070 1901 1080 1934 3

117 1954 225 2003 lapsa
255 1965 330 1991 nec
358 1966 382 1991 a
411 1951 548 1991 cubito
578 1951 801 1990 subducere
830 1951 948 2002 pallia
977 1951 1102 1991 nescit

171 2025 210 2056 et
239 2025 366 2057 tectus
395 2017 518 2056 laenis
548 2030 666 2068 saepe
695 2017 851 2056 duabus
880 2017 963 2055 abit
977 2031 988 2065 3
1421 2033 1460 2056 10

161 2122 238 2153 LVI
262 2122 338 2154 hab.
356 2122 390 2152 R
478 2132 498 2161 3
522 2121 690 2163 praemia]
709 2131 851 2152 munera
867 2120 965 2151 AAD
1074 2134 1094 2161 4
1119 2125 1263 2161 propter
1276 2125 1310 2151 te
1322 2120 1436 2152 AACA
1452 2134 1458 2152 :

116 2171 150 2198 et
168 2171 310 2206 propter
324 2165 382 2197 ΒΑ
403 2166 482 2207 (pro
504 2170 538 2196 te
556 2166 607 2207 p.)
714 2165 858 2205 populos
874 2164 931 2195 BA

160 2210 254 2241 LVII
282 2221 296 2240 1
322 2210 453 2250 expulit
464 2209 545 2241 BA:
569 2209 687 2249 expuit
705 2208 756 2240 CA
886 2218 906 2248 3
931 2208 1041 2239 sinum
1059 2207 1110 2239 CA
1233 2218 1254 2249 5
1279 2209 1371 2248 legat
1387 2219 1453 2239 om.

115 2253 173 2285 ΒΑ
189 2254 273 2293 (non
291 2254 366 2294 Qf)

162 2297 274 2328 LVIII
300 2307 319 2327 2
344 2307 482 2337 possum
497 2295 576 2328 BA:
600 2297 728 2336 possim
746 2295 798 2328 CA
885 2306 996 2327 meum
1012 2296 1088 2328 Ital.

161 2341 242 2372 LIX
265 2341 338 2372 hab.
363 2341 393 2372 T
468 2350 488 2380 3
512 2351 575 2372 nec
594 2340 645 2371 CA
787 2351 807 2379 4
831 2340 959 2372 consuit
975 2339 1032 2370 BA
1130 2340 1263 2380 piceata
1282 2339 1352 2370 DN
1365 2340 1455 2382 (cum

115 2385 209 2426 Ital.)
349 2386 369 2416 8
385 2384 436 2426 et]
455 2395 474 2416 a
495 2385 526 2416 T
610 2383 743 2425 trepido
766 2384 796 2416 T
