1648 2729
694 155 1164 195 EPIGRAMMATON
1195 157 1301 195 LIB.
1332 158 1417 195 XII

188 282 269 307 non
298 281 351 316 es,
383 268 500 306 crede
530 266 638 314 mihi,
670 268 810 306 bonus.
871 268 981 318 Quid
1010 272 1134 320 ergo?

187 335 241 372 Vt
269 346 404 372 verum
434 334 586 382 loquar,
616 332 790 382 optimus
820 335 1014 372 malorum
1049 349 1101 373 es.

187 398 352 437 Pisones
383 399 635 448 Senecasque
666 398 964 450 Memmiosque

186 471 224 502 et
255 463 416 514 Crispos
446 462 544 501 mihi
573 464 707 511 redde,
738 465 808 503 sed
838 463 1009 514 priores:

185 530 255 568 fies
284 528 463 579 protinus
491 528 654 567 ultimus
684 529 892 568 bonorum.
1379 548 1417 570 10

185 594 255 633 Vis
285 607 401 633 cursu
430 594 680 644 pedibusque
709 594 892 644 gloriari?

185 659 335 709 Tigrim
366 658 480 698 vince
509 660 718 709 levemque
748 659 1026 699 Passerinum:

185 726 292 763 nulla
320 732 379 764 est
406 724 529 775 gloria
556 724 765 775 praeterire
793 727 945 765 asellos.

535 866 738 903 XXXVII

184 947 360 985 Nasutus
390 946 557 984 nimium
587 946 698 997 cupis
727 947 861 986 videri.

183 1019 369 1051 nasutum
398 1013 501 1059 volo,
533 1013 628 1051 nolo
658 1014 907 1062 polyposum.

543 1152 725 1189 XXXIX

183 1231 263 1271 Odi
292 1238 331 1271 te
360 1231 453 1282 quia
481 1232 608 1271 bellus
639 1246 691 1280 es,
723 1233 889 1272 Sabelle.

181 1311 242 1336 res
273 1304 332 1336 est
361 1297 511 1348 putida,
545 1298 670 1336 bellus
701 1306 739 1337 et
769 1299 963 1346 Sabellus,

182 1363 331 1401 bellum
361 1362 536 1413 denique
565 1365 670 1402 malo
700 1377 819 1414 quam
850 1364 1062 1403 Sabellum.

181 1429 382 1467 Tabescas
412 1429 576 1476 utinam,
607 1429 763 1468 Sabelle
792 1430 921 1469 belle!

585 1571 682 1607 XLI

181 1652 275 1689 Non
305 1657 375 1698 est,
405 1652 552 1698 Tucca,
584 1651 676 1690 satis
707 1653 817 1702 quod
846 1666 888 1691 es
916 1653 1101 1702 gulosus:

180 1723 218 1755 et
247 1715 327 1755 dici
355 1716 467 1766 cupis
497 1724 535 1755 et
564 1717 675 1767 cupis
704 1717 838 1757 videri.

577 1857 692 1893 XLV

182 1935 371 1974 Haedina
399 1936 471 1975 tibi
499 1939 602 1987 pelle
632 1939 859 1989 contegenti

180 2002 312 2040 nudae
341 2009 522 2051 tempora
549 2002 817 2053 verticemque
846 2005 991 2051 calvae,

179 2067 317 2105 festive
346 2066 428 2114 tibi,
461 2068 636 2116 Phoebe,
669 2068 765 2108 dixit
794 2068 859 2107 ille

180 2131 249 2182 qui
278 2131 374 2171 dixit
403 2140 522 2183 caput
551 2147 637 2173 esse
666 2136 896 2173 calceatum.

117 2235 268 2266 XXXVI
296 2246 313 2275 7
339 2247 376 2268 es
394 2247 461 2268 om.
480 2237 556 2269 Ital.
662 2249 701 2269 12
726 2239 978 2279 passarinums

117 2279 274 2310 XXXIX
298 2280 371 2312 hab.
395 2281 426 2311 T
495 2292 514 2312 2
540 2283 569 2314 b.
589 2286 624 2313 et
640 2282 758 2313 ΑΑΒΑ
774 2284 820 2324 (b.
839 2294 876 2314 es
895 2284 963 2325 L):
987 2282 1018 2314 b.
1039 2287 1090 2313 est
1116 2282 1165 2312 CA
1266 2293 1285 2321 3
1312 2282 1414 2312 mallo

74 2323 124 2354 CA
255 2334 276 2363 4
299 2324 388 2355 belle
405 2335 470 2355 om.
493 2325 523 2356 T
1167 2364 1184 2368 -

116 2367 211 2398 XLV
234 2377 254 2397 2
279 2369 368 2399 nuda
385 2368 533 2408 timpora
557 2370 612 2400 BA
715 2382 734 2410 4
759 2371 861 2412 dixit]
889 2371 967 2401 dum
995 2370 1042 2401 CA
1063 2370 1139 2411 (pro
1163 2371 1195 2410 d,
1215 2370 1263 2401 zze.
1286 2370 1373 2400 dixit
1386 2371 1411 2410 3)

73 2411 251 2442 calciatum
268 2411 357 2443 codd.

116 2475 224 2497 MART.
243 2475 291 2497 ΕΡ.
314 2476 363 2498 sc.
385 2476 440 2499 El).
1286 2469 1326 2498 19
