1648 2729
780 121 1251 160 EPIGRAMMATON
1283 122 1386 159 LIB.
1418 120 1455 158 V

225 244 332 269 nunc
361 238 419 269 est
448 230 602 270 reddita
630 230 800 282 dignitas
830 232 1049 283 equestri53

224 296 339 334 turba
368 310 448 335 non
478 296 702 346 premimur,
735 311 809 336 nec
839 297 1140 348 inquinamur':

223 362 322 400 haec
351 369 389 400 et
419 361 511 400 talia
539 363 636 400 dum
666 364 782 401 refert
811 363 991 413 supinus,
1415 379 1454 401 10

222 425 307 465 illas
336 440 551 477 purpureas
581 435 620 466 et
647 429 883 479 adrogantes

223 491 333 530 iussit
362 506 518 543 surgere
548 494 684 532 Le'i'tus
713 495 900 533 lacernas.

648 596 708 633 IX

114 665 399 714 Languebam:
439 667 511 705 sed
540 673 581 704 tu
613 665 824 705 comitatus
853 665 1033 717 protinus
1062 668 1113 706 ad
1145 681 1208 706 me

167 730 307 769 venisti
337 738 510 779 centum,
541 733 789 781 Symmache,
822 732 1038 782 discipulis.

113 803 273 834 centum
304 810 368 835 me
397 796 558 847 tetigere
588 812 728 836 manus
757 797 944 848 aquilone
973 799 1152 848 gelatae:

168 875 248 900 non
279 862 400 901 habui
430 863 592 910 febrem,
625 865 874 913 Symmache,
907 877 1015 902 nunc
1045 864 1186 902 habeo.

653 976 691 1011 X

113 1047 121 1062 ‘
140 1045 237 1082 Esse
267 1043 363 1093 quid
393 1045 470 1083 hoc
499 1043 630 1083 dicam
661 1044 757 1083 vivis
787 1045 897 1095 quod
927 1046 1033 1083 fama
1062 1053 1226 1095 negatur

167 1116 205 1148 et
234 1123 305 1148 sua
334 1111 443 1159 quod
473 1123 580 1149 rarus
610 1118 789 1161 tempora
818 1112 943 1149 lector
970 1112 1128 1149 amat?'

114 1174 171 1212 Hi
200 1182 292 1213 sunt
321 1174 492 1214 invidiae
522 1175 719 1223 nimirum,
753 1177 917 1226 Regule,
950 1189 1091 1224 mores,

165 1241 357 1290 praeferat
385 1240 571 1291 antiquos
601 1254 757 1291 semper
786 1249 828 1280 ut
858 1241 924 1280 illa
953 1241 1076 1280 novis.

112 1304 167 1344 sie
196 1313 369 1344 veterem
399 1305 539 1356 ingrati
570 1306 737 1356 Pompei
765 1306 993 1356 quaerimus
1023 1307 1218 1355 umbram,
1433 1324 1450 1355 5

165 1367 221 1406 sic
251 1369 415 1407 laudant
446 1369 578 1409 Catuli
607 1369 698 1408 vilia
727 1371 876 1419 templa
905 1383 1031 1417 senes,

113 1433 265 1472 Ennius
295 1441 354 1472 est
383 1436 507 1473 lectus
537 1436 645 1473 salvo
675 1435 758 1483 tibi,
791 1437 934 1483 Roma,
968 1438 1161 1484 Marone3

165 1506 203 1537 et
233 1513 303 1538 sua
332 1499 499 1539 riserunt
528 1502 686 1539 saecula
717 1500 974 1548 Maeoniden,

51 1566 57 1571 '
110 1578 194 1603 rara
222 1573 413 1604 coronato
442 1567 621 1616 plausere
651 1568 802 1605 theatra
833 1568 1072 1614 Menandro,

164 1639 277 1670 norat
307 1633 512 1670 Nasonem
542 1634 626 1671 sola
657 1631 834 1672 Corinna
863 1646 990 1671 suum.
1412 1649 1452 1670 10

112 1699 195 1736 Vos
225 1704 359 1736 tamen
390 1711 414 1736 o
444 1698 567 1737 nostri
597 1712 647 1737 ne
676 1698 859 1737 festinate
889 1697 1037 1737 libelli:

164 1762 195 1801 si
225 1771 315 1813 post
343 1765 422 1802 fata
450 1763 557 1802 venit
586 1763 719 1814 gloria,
751 1778 832 1803 non
862 1777 1042 1815 propero.

637 1870 698 1906 XI

109 1940 395 1989 Sardonychas,
427 1940 668 1990 zmaragdos,
699 1940 944 1987 adamantas,
975 1939 1148 1990 iaspidas
1179 1953 1260 1978 uno

163 2012 291 2043 versat
319 2004 359 2043 in
388 2004 554 2043 articulo
583 2006 715 2052 Stella,
747 2006 900 2052 Severe,
933 2018 1056 2044 meus.

110 2071 252 2108 multas
282 2069 323 2108 in
353 2070 495 2121 digitis,
527 2071 658 2120 plures
688 2069 728 2108 in
758 2069 933 2108 carmine
961 2084 1140 2121 gemmas

164 2134 366 2174 invenies:
405 2136 499 2174 inde
528 2143 587 2174 est
616 2137 726 2183 haec,
758 2144 868 2186 puto,
900 2137 1006 2174 culta
1035 2149 1187 2174 manus.

153 2239 236 2269 VIII
265 2249 300 2269 11
328 2239 383 2270 illa
408 2239 463 2270 ΒΑ
512 2214 517 2219 ¹
599 2250 637 2270 12
661 2240 759 2271 lelius
775 2239 831 2270 BA
848 2251 855 2271 :
882 2240 991 2270 lectus
1010 2239 1058 2271 CA
1076 2239 1191 2281 (leitus
1207 2238 1241 2270 E
1254 2250 1293 2270 ex
1308 2240 1405 2277 corn}

153 2282 427 2366 {KXhch-Tz‘lilv'
443 2337 510 2366 3—4
526 2327 600 2359 hab.
619 2327 653 2357 R
798 2338 812 2358 1
839 2327 926 2358 fame
946 2326 993 2357 CA
1149 2337 1169 2366 3
1193 2326 1310 2358 insunt
1326 2327 1381 2357 BA
1401 2328 1449 2368 (in

104 2376 168 2411 j>ro
183 2370 233 2411 hi)
250 2382 257 2402 ε
281 2371 344 2401 hae
362 2372 461 2412 (haec
477 2369 574 2409 A1B)
593 2382 620 2403 s.
642 2371 689 2402 CA
822 2382 843 2410 4
866 2370 1015 2410 antiquis
1030 2370 1078 2402 CA

153 2413 204 2444 XI
237 2414 311 2446 hab.
337 2414 367 2445 T
502 2425 522 2445 2
555 2420 669 2455 portat
693 2414 806 2447 AACA
830 2415 881 2456 (qfi
900 2415 982 2454 XlI,
1003 2415 1057 2456 7):
1083 2419 1196 2446 versat
1212 2414 1269 2445 BA
