1648 2729
721 153 1193 193 EPIGRAMMATON
1224 155 1329 192 LIB.
1361 156 1445 193 XII

598 266 742 304 LXIII

217 342 351 380 Vncto
380 342 571 381 Corduba
598 341 736 380 laetior
762 343 947 390 Venafro,

219 406 357 445 Histra
384 420 459 446 nec
489 407 619 445 minus
648 407 831 463 absoluta
859 415 969 455 testa,

217 471 297 510 albi
326 485 428 523 quae
457 485 617 523 superas
647 486 740 512 oves
771 473 928 512 Galaesi

216 538 327 576 nullo
356 537 504 576 murice
532 551 607 576 nec
636 551 774 577 cruore
803 540 983 585 mendax,

216 603 287 642 sed
316 602 448 642 tinctis
476 603 658 654 gregibus
687 605 819 643 colore
848 603 964 643 vivo:
1428 620 1445 652 5

216 668 282 707 dic
310 676 450 716 vestro,
482 682 588 719 rogo,
620 669 668 708 sit
697 671 826 720 pudor
854 678 995 720 poetae

216 747 290 773 nec
319 734 436 785 gratis
466 734 602 774 recitet
633 749 742 774 meos
773 735 938 774 libellos.

217 800 387 847 Ferrem,
418 799 451 838 si
479 801 623 840 faceret
652 801 782 840 bonus
811 809 939 852 poeta,

216 864 281 903 cui
309 879 468 916 possem
499 867 592 905 dare
622 874 781 905 mutuos
810 868 977 905 dolores.

216 931 445 982 Corrumpit
474 931 558 970 sine
588 931 734 970 talione
763 933 930 983 caeleps,
1408 949 1446 971 10

215 1009 357 1035 caecus
386 998 550 1048 perdere
579 1010 660 1036 non
690 1005 821 1048 potest
850 998 959 1047 quod
988 998 1136 1036 aufert:

215 1061 271 1100 nil
300 1069 358 1100 est
387 1061 559 1101 deterius
589 1063 740 1101 latrone
769 1063 904 1101 nudo:

215 1126 269 1165 nil
299 1127 473 1166 securius
503 1135 562 1166 est
591 1129 697 1166 malo
726 1135 854 1178 poeta.

592 1234 728 1271 LXVI

108 1309 174 1348 Bis
203 1309 493 1360 quinquagenis
523 1311 667 1349 domus
696 1318 755 1349 est
784 1310 856 1349 tibi
886 1310 1045 1348 milibus
1075 1320 1219 1361 empta,
1278 1353 1284 1358 ,

159 1376 331 1414 vendere
361 1389 481 1426 quam
511 1389 668 1414 summa
695 1377 757 1414 vel
786 1376 964 1415 breviore
994 1376 1116 1427 cupis.

103 1448 186 1480 arte
215 1443 286 1480 sed
315 1449 535 1492 emptorem
564 1442 671 1479 vafra
699 1441 929 1492 corrumpis,
960 1443 1153 1488 Amoene,

160 1514 199 1545 et
228 1520 319 1546 casa
347 1506 493 1546 divitiis
522 1507 734 1546 ambitiosa
761 1509 866 1546 latet.

105 1580 352 1622 gemmantes
381 1572 508 1623 prima
536 1573 687 1623 fulgent
716 1572 916 1612 testudine
945 1572 1036 1611 lecti
1426 1592 1442 1622 5

158 1645 198 1676 et
228 1637 470 1676 Maurusiaci
498 1638 677 1688 pondera
706 1651 791 1676 rara
819 1637 904 1676 citri
919 1652 929 1685 3

104 1710 310 1754 argentum
338 1710 459 1754 atque
487 1716 627 1741 aurum
657 1716 739 1742 non
769 1702 936 1754 simplex
966 1702 1162 1753 Delphica
1191 1711 1320 1754 portat
1335 1719 1344 1752 3

158 1776 263 1807 stant
291 1768 403 1819 pueri
431 1768 618 1807 dominos
647 1782 748 1819 quos
777 1782 913 1819 precer
941 1782 1027 1807 esse
1056 1782 1177 1807 meos.

104 1833 251 1873 deinde
280 1835 454 1873 ducenta
483 1847 600 1872 sonas
630 1842 669 1872 et
697 1833 753 1872 ais
783 1848 865 1873 non
895 1848 980 1873 esse
1010 1834 1183 1872 minoris.

159 1900 398 1938 Instructam
427 1899 493 1937 vili
522 1899 672 1946 vendis,
704 1901 898 1946 Amoene,
929 1901 1105 1938 domum.
1405 1917 1445 1938 10

594 2004 754 2041 LXVII

214 2081 347 2120 Maiae
377 2080 621 2120 Mercurium
651 2081 810 2120 creastis
842 2083 950 2129 Idus,

211 2147 402 2197 Augustis
429 2147 531 2186 redit
560 2147 701 2186 Idibus
731 2147 872 2195 Diana,

150 2250 267 2282 LXIII
293 2262 313 2282 2
339 2252 460 2283 Lustra
476 2227 514 2283 se
533 2251 705 2290 austras)
719 2261 782 2282 nec
806 2252 854 2283 CA
932 2262 952 2291 3
975 2252 1032 2292 qui
1042 2251 1097 2282 BA
1173 2253 1272 2295 oves]
1291 2254 1384 2285 soles
1397 2254 1445 2286 CA

106 2294 231 2336 (praec.
251 2297 284 2333 s)
375 2295 451 2335 gala
467 2300 520 2327 est
539 2295 589 2326 CA
719 2296 740 2326 6
764 2306 846 2335 rogo
862 2296 923 2328 sit]
938 2297 1023 2327 rosit
1042 2296 1091 2327 CA
1211 2307 1228 2337 7
1254 2298 1377 2329 recites
1397 2298 1446 2329 CA

105 2339 125 2369 8
148 2339 278 2369 Vellem
296 2338 375 2370 BA:
400 2339 539 2370 Ferrem
559 2339 608 2370 CA
744 2349 783 2370 10
806 2350 871 2369 om.
890 2339 947 2369 BA

151 2382 260 2414 LXVI
287 2393 307 2421 4
331 2383 447 2414 diuitis
465 2383 514 2414 CA
618 2384 640 2413 6
664 2383 856 2414 maurisiaci
874 2383 963 2414 codd.
1066 2395 1083 2424 7
1109 2385 1255 2424 dephica
1273 2385 1323 2416 CA
1423 2385 1444 2413 8

105 2427 246 2458 domino
262 2426 319 2457 BA
450 2437 471 2467 9
496 2427 653 2468 minoris]
672 2427 849 2458 ministros
864 2426 922 2457 BA
