1648 2729
192 138 246 175 M.
279 137 401 175 VAL.
436 136 750 177 MARTIALIS

633 252 826 289 LXXXV

191 315 314 363 Quod
343 328 424 354 non
454 315 601 354 insulse
630 315 767 355 scribis
797 315 1024 354 tetrasticha
1053 316 1261 365 quaedam,

244 379 414 419 disticha
443 382 553 431 quod
582 382 686 420 belle
714 395 851 432 pauca,
885 381 1052 428 Sabelle,
1083 380 1193 429 facis,

190 447 310 485 laudo
340 460 414 485 nec
443 446 625 485 admiror.
686 447 818 486 Facile
848 454 906 486 est
936 446 1218 497 epigrammata
1249 446 1351 485 belle

245 512 425 560 scribere,
458 514 528 551 sed
557 513 701 551 librum
731 512 900 551 scribere
929 511 1088 551 difficile
1118 519 1186 551 est.

641 596 855 632 LXXXVI

299 661 364 698 Ad
394 660 595 699 natalicias
625 661 747 710 dapes
777 660 956 706 vocabar,

298 738 426 764 essem
455 739 547 763 cum
576 725 661 773 tibi,
691 727 816 772 Sexte,
849 739 930 763 non
959 724 1120 763 amicus.

299 790 409 840 Quid
438 792 586 830 factum
616 798 685 838 est,
716 804 823 841 rogo,
855 790 952 841 quid
981 797 1143 840 repente
1172 791 1319 829 factum
1349 797 1418 837 est,

298 863 387 906 post
416 864 474 895 tot
503 856 667 907 pignora
695 864 840 903 nostra,
871 863 961 906 post
990 863 1049 894 tot
1076 868 1203 894 annos

298 923 408 971 quod
437 935 524 960 sum
553 921 784 972 praeteritus
813 929 925 960 vetus
954 921 1133 960 sodalis?
1509 935 1527 967 5

298 988 378 1026 Sed
407 1001 567 1026 causam
597 987 689 1026 scio.
759 989 879 1026 Nulla
907 987 1015 1026 venit
1043 1000 1066 1025 a
1096 1001 1158 1026 me

299 1052 473 1102 Hispani
503 1052 574 1091 tibi
603 1052 701 1091 libra
730 1052 918 1103 pustulati

298 1131 372 1156 nec
401 1118 495 1156 levis
525 1125 616 1168 toga
644 1132 718 1156 nec
748 1119 864 1156 rudes
893 1119 1083 1156 lacernae.

299 1182 393 1219 Non
423 1189 481 1220 est
509 1184 684 1231 sportula
713 1195 815 1232 quae
844 1181 1092 1232 negotiatur3

298 1247 425 1296 pascis
455 1261 629 1294 munera,
661 1249 788 1294 Sexte,
820 1261 900 1286 non
930 1246 1090 1286 amicos.
1490 1263 1529 1286 10

300 1313 385 1350 Iam
416 1312 524 1351 dices
555 1312 652 1350 mihi
684 1314 881 1363 ‘Vapulet
910 1314 1094 1351 vocator.⁷

631 1402 870 1439 LXXXVII

190 1466 230 1504 Si
260 1479 372 1505 meus
401 1466 526 1504 aurita
554 1468 700 1517 gaudet
730 1468 957 1517 lagalopece
988 1467 1164 1513 Flaccus,

244 1531 276 1570 si
305 1531 442 1570 fruitur
471 1531 569 1570 tristi
599 1532 747 1571 Canius
776 1531 1000 1582 Aethiope3

191 1596 355 1635 Publius
386 1596 547 1647 exiguae
578 1597 609 1635 si
639 1599 773 1647 flagrat
802 1611 937 1635 amore
967 1598 1140 1644 catellae,

244 1662 276 1701 si
306 1662 476 1702 Cronius
506 1662 674 1700 similem
703 1662 1009 1713 cercopithecon
1038 1669 1144 1700 amat
1161 1677 1171 1710 3

190 1729 360 1766 delectat
391 1727 562 1765 Marium
593 1727 625 1766 si
653 1728 897 1778 perniciosus
927 1727 1181 1774 ichneumon,
1507 1746 1525 1778 5

244 1792 332 1842 pica
363 1792 562 1830 salutatrix
591 1792 623 1830 si
652 1792 734 1840 tibi,
766 1795 907 1840 Lause,
939 1794 1068 1843 placet
1085 1808 1094 1841 3

190 1858 221 1896 si
250 1858 425 1908 gelidum
455 1860 558 1896 collo
587 1858 710 1896 nectit
740 1858 933 1897 Glaucilla
962 1860 1188 1905 draconem,

243 1923 411 1962 luscinio
441 1925 639 1962 tumulum
669 1924 701 1962 si
730 1924 916 1963 Telesilla
946 1924 1079 1963 dedit:

235 2027 400 2057 LXXXV
423 2029 495 2059 lzab.
514 2028 548 2058 R
636 2039 656 2068 3
673 2029 751 2059 selle
768 2029 822 2059 ΒΑ

236 2071 415 2102 LXXXVI
442 2082 461 2111 3
479 2077 533 2102 est
549 2072 603 2103 alt.
625 2072 778 2104 onrltal.
913 2073 933 2102 6
956 2082 1058 2103 causa
1072 2072 1119 2103 CA
1139 2076 1175 2102 ut
1188 2071 1251 2102 v1'd.
1344 2071 1386 2102 ad
1404 2081 1456 2102 me
1475 2071 1523 2103 CA

191 2115 267 2154 (pro
284 2125 404 2153 amme,
420 2121 481 2155 pro
497 2118 514 2146 a
533 2127 585 2146 me
597 2117 620 2155 ἲ)
768 2127 785 2155 7
811 2116 960 2156 Hispani
976 2117 1096 2147 bilibra
1112 2116 1166 2146 BA
1185 2127 1191 2146 :
1215 2115 1346 2155 argenti
1365 2120 1386 2147 t.
1405 2115 1522 2146 libram

190 2158 237 2188 CA
328 2160 488 2197 postulati
507 2159 555 2189 CA
575 2160 608 2200 (i.
624 2171 647 2190 e.
669 2165 761 2199 pust·
776 2161 800 2197 2)
935 2162 956 2191 8
980 2160 1090 2190 tenuis
1106 2160 1161 2189 ΒΑ
1177 2171 1184 2190 :
1206 2158 1292 2189 leuis
1311 2159 1359 2189 CA
1503 2170 1524 2198 9

188 2212 276 2241 quae
294 2202 390 2243 neg.]
410 2213 520 2242 neque
538 2204 730 2243 negotiator
744 2204 799 2233 BA
918 2214 954 2234 11
981 2204 1063 2234 dicis
1077 2203 1131 2233 ΒΑ
1147 2215 1154 2234 :
1178 2202 1270 2234 dices
1286 2202 1333 2233 CA
1402 2203 1523 2242 uapule

188 2246 243 2275 BA
333 2251 475 2276 uocatur
491 2246 578 2277 codd.
602 2248 690 2288 (-t01·
705 2247 737 2277 E
749 2258 788 2277 ex
801 2247 899 2287 corr.)

234 2289 432 2320 LXXXVII
462 2300 474 2320 1
503 2290 622 2321 melius
641 2291 690 2321 CA
796 2291 1005 2330 lagagocepe
1021 2290 1095 2322 BA:
1120 2290 1303 2330 lagaopece
1323 2289 1370 2320 CA
1503 2301 1522 2328 4

189 2333 348 2364 chronius
375 2333 425 2364 CA
577 2343 596 2373 5
621 2335 801 2364 icaneumo
824 2335 901 2364 BA:
933 2335 1087 2365 ichemon
1113 2333 1163 2364 CA
1317 2344 1333 2372 7
1359 2332 1522 2364 Glaucilla

187 2376 347 2407 Heinsius
364 2388 370 2407 :
394 2377 517 2415 gadilla
533 2377 588 2407 ΒΑ
605 2389 612 2408 :
638 2378 745 2417 glacia
764 2378 833 2408 CA:
859 2378 1005 2408 Gladilla
1021 2377 1269 2408 Fm'edlaender:
1295 2376 1462 2408 Claudilla
1481 2377 1520 2418 (2)

191 2419 310 2450 Gilbert
393 2421 413 2450 8
436 2421 581 2452 telesilla
596 2421 650 2450 ΒΑ
670 2433 677 2452 z
702 2421 845 2452 telesina
863 2421 912 2452 CA
979 2422 1055 2452 facit
1072 2421 1147 2453 BA:
1174 2421 1266 2452 dedit
1285 2420 1332 2451 CA
