1648 2729
223 167 277 202 M.
311 166 432 202 VAL.
465 166 779 204 MARTIALIS

720 279 779 316 XI

222 349 414 398 Praeceps
444 348 658 398 sanguinea
687 349 783 386 dum
814 361 855 386 se
885 356 985 386 rotat
1014 361 1126 386 ursus
1156 348 1312 393 harena,

275 414 491 463 implicitam
521 414 629 453 visco
658 414 829 464 perdidit
858 414 922 453 ille
950 416 1094 464 fugam.

221 479 430 528 splendida
458 479 536 518 iam
566 487 671 518 tecto
701 488 855 518 cessent
884 480 1079 518 venabula
1107 481 1218 526 ferro,

274 558 348 582 nec
376 546 481 583 volet
510 559 673 583 excussa
701 547 838 583 lancea
867 552 967 583 torta
997 559 1115 583 manu
1131 560 1141 592 3

219 611 437 659 deprendat
465 624 591 649 vacuo
621 618 782 649 venator
811 610 850 648 in
879 613 968 649 aere
997 611 1195 660 praedam,
1534 627 1550 657 5

273 675 303 713 si
334 683 490 724 captare
520 677 619 714 feras
648 675 812 725 aucupis
842 684 923 713 arte
952 677 1091 725 placet.

696 758 779 795 XII

222 829 328 865 Inter
358 828 573 866 Caesareae
603 827 831 866 discrimina
860 841 975 866 saeva
1006 827 1158 865 Dianae

273 892 418 931 fixisset
447 893 647 942 gravidam
677 906 768 932 cum
798 893 893 931 levis
922 894 1035 931 hasta
1064 907 1186 939 suern,

220 957 352 995 exiluit
381 966 514 1007 partus
544 958 708 996 miserae
737 959 787 996 de
816 960 976 997 vulnere
1005 957 1148 996 matris.

273 1035 297 1060 o
328 1022 480 1061 Lucina
508 1024 626 1069 ferox,
657 1024 734 1061 hoc
763 1023 961 1073 peperisse
989 1023 1093 1061 fuit?

220 1087 394 1136 pluribus
424 1087 488 1126 illa
517 1087 616 1126 mori
645 1088 832 1126 voluisset
861 1088 993 1126 saucia
1022 1088 1119 1135 telis,
1533 1103 1551 1135 5

273 1153 458 1191 omnibus
488 1160 530 1191 ut
560 1153 660 1192 natis
690 1153 797 1192 triste
827 1161 976 1203 pateret
1005 1153 1086 1192 iter.

221 1217 320 1266 Quis
350 1226 466 1267 negat
496 1231 581 1256 esse
610 1226 738 1256 satum
769 1226 947 1257 materno
976 1220 1112 1257 funere
1143 1219 1376 1257 Bacchum?

273 1282 328 1320 sic
356 1283 532 1333 genitum
563 1297 709 1322 numen
741 1284 911 1322 credite:
950 1291 1042 1322 nata
1071 1285 1151 1322 fera
1179 1291 1248 1322 est.

720 1367 828 1403 XIII

219 1436 304 1472 Icta
332 1434 437 1484 gravi
466 1436 545 1474 telo
575 1436 839 1485 confossaque
868 1437 1029 1474 vulnere
1058 1443 1181 1474 mater

271 1512 336 1538 sus
366 1499 507 1549 pariter
536 1500 655 1538 vitam
686 1500 856 1550 perdidit
885 1508 1004 1550 atque
1033 1500 1153 1539 dedit.

219 1577 241 1601 ο
272 1577 390 1614 quam
421 1573 525 1603 certa
553 1565 625 1604 fuit
655 1565 796 1604 librato
826 1567 986 1604 dextera
1014 1567 1137 1603 ferro!

271 1630 374 1667 hanc
403 1643 476 1679 ego
506 1630 681 1668 Lucinae
711 1632 830 1669 credo
859 1630 981 1669 fuisse
1010 1643 1184 1668 manum.

218 1702 375 1743 experta
404 1702 461 1732 est
491 1709 639 1733 numen
669 1695 841 1734 moriens
870 1695 1074 1745 utriusque
1105 1694 1269 1741 Dianae,
1531 1710 1548 1741 5

272 1772 428 1809 quaque
457 1761 584 1798 soluta
613 1774 752 1810 parens
782 1774 939 1810 quaque
969 1767 1172 1810 perempta
1199 1761 1279 1798 fera
1308 1767 1377 1798 est.

724 1843 825 1879 XIV

219 1912 292 1947 Sus
321 1912 402 1948 fera
429 1910 506 1949 iam
535 1911 685 1961 gravior
714 1911 855 1950 maturi
882 1912 1045 1962 pignore
1073 1911 1218 1950 ventris

274 1975 401 2014 emisit
430 1978 564 2023 fetum,
594 1978 755 2015 vulnere
784 1978 886 2015 facta
914 1982 1110 2027 parens?

221 2053 292 2079 nec
322 2040 440 2079 iacuit
468 2050 612 2091 partus,
643 2043 713 2080 sed
743 2049 865 2080 matre
894 2043 1061 2080 cadente
1090 2041 1268 2080 cucurrit.

274 2106 310 2144 O
340 2114 532 2155 quantum
562 2113 620 2144 est
649 2106 786 2144 subitis
816 2106 971 2145 casibus
999 2106 1224 2156 ingenium!

264 2209 483 2284 §hlllclltlsl-LQ
593 2264 605 2283 1
632 2263 733 2283 saeva
750 2253 822 2283 Ital.
841 2263 848 2282 t
872 2263 931 2283 sua
954 2253 983 2282 T
1086 2263 1106 2291 3
1130 2252 1247 2284 matris
1261 2251 1335 2283 Ital.
1353 2263 1360 2283 :
1385 2253 1501 2283 mortis
1523 2252 1554 2283 T

221 2299 282 2336 7-8
307 2307 377 2327 nov.
409 2297 503 2337 ejngr.
531 2296 563 2326 F
562 2295 778 2326 n'cdlacnder:
813 2295 944 2325 initium
969 2297 1130 2336 sequentis
1153 2297 1249 2336 engr.
1269 2296 1387 2326 Gr'lbm

264 2340 349 2370 XIII
374 2340 446 2370 hab.
471 2339 500 2369 T
621 2350 640 2370 2
663 2340 838 2379 suspirans
855 2350 884 2370 v.
903 2340 976 2371 Ital.
1105 2342 1127 2370 6
1150 2340 1257 2372 soluta
1272 2339 1369 2370 Ital.:
1393 2338 1504 2370 salute
1524 2338 1553 2370 T

221 2385 290 2414 fera
306 2383 380 2415 Ital.
401 2395 407 2414 ε
432 2384 518 2414 sama
540 2383 569 2413 T

264 2427 346 2459 XIV
369 2428 440 2457 hab.
464 2426 499 2458 T.
569 2426 654 2456 Cum
674 2426 758 2456 XIII
777 2426 870 2464 confl.
893 2426 973 2457 AA:
996 2437 1075 2458 corr.
1093 2427 1169 2458 Ital.
1271 2436 1284 2456 1
1310 2426 1453 2466 pignora
1468 2425 1543 2456 Ital.

220 2483 238 2510 3
264 2470 395 2511 partus]
414 2470 500 2501 fetus
516 2468 554 2500 N
