1648 2729
786 181 1046 219 EPIGRAM
1054 180 1257 219 MATON
1288 180 1391 218 LIB.
1426 180 1443 218 1

110 291 215 331 exuit
243 304 395 330 annosa
424 304 553 330 mores
582 304 813 341 nomenque
841 298 1027 330 senecta:

164 365 203 396 et
232 356 427 407 quidquid
457 356 591 404 voluit,
622 364 722 395 testa
750 364 912 395 vocatur
940 369 1050 395 anus.

611 473 730 512 CVII

111 552 237 599 Saepe
267 549 363 588 mihi
392 548 501 595 dicis,
534 548 631 587 Luci
663 547 862 587 carissime
893 547 980 594 Iuli,

169 612 325 651 ‘Scribe
354 610 504 662 aliquid
533 624 746 661 magnum:
785 610 1009 650 desidiosus
1040 612 1162 650 homo
1192 611 1259 649 es.’

112 676 205 716 Otia
233 677 285 715 da
313 676 441 724 nobis,
472 677 543 715 sed
572 675 703 726 qualia
731 677 876 714 fecerat
906 675 1000 714 olim

168 744 382 780 Maecenas
412 743 556 781 Flacco
585 741 840 792 Vergilioque
869 755 968 780 suo:

112 809 284 846 condere
312 807 481 846 victuras
511 815 702 857 temptem
732 820 801 857 per
829 808 986 845 saecula
1015 820 1127 845 curas

166 881 204 911 et
234 886 381 911 nomen
411 872 581 911 flammis
611 872 800 923 eripuisse
830 886 975 911 meum.

112 938 152 976 in
182 937 332 977 steriles
361 939 502 976 nolunt
532 951 694 988 campos
724 937 814 988 iuga
842 939 941 976 ferre
970 936 1149 976 iuvenci:

165 1002 311 1053 pingue
340 1004 468 1041 solum
498 1004 626 1051 lassat,
658 1004 728 1041 sed
757 1002 864 1041 iuvat
892 1002 976 1052 ipse
1005 1002 1126 1040 labor.

598 1114 741 1153 CVIII

113 1191 184 1228 Est
214 1189 471 1239 tibi—sitque
500 1203 639 1240 precor
668 1191 814 1228 multos
843 1196 1072 1239 crescatque
1102 1203 1171 1240 per
1199 1202 1380 1228 annos-

166 1256 330 1306 pulchra
359 1254 533 1305 quidem,
565 1268 701 1293 verum
732 1254 1007 1293 transtiberina
1036 1256 1204 1293 domus:

112 1312 269 1359 at‘mea
298 1320 494 1371 Vipsanas
525 1327 705 1370 spectant
734 1321 924 1358 cenacula
952 1321 1093 1367 laurus,

166 1387 291 1424 factus
321 1385 361 1423 in
391 1386 465 1423 hac
495 1398 567 1435 ego
597 1398 684 1423 sum
714 1384 792 1423 iam
822 1384 981 1435 regione
1010 1398 1140 1423 senex.

113 1451 362 1501 migrandum
394 1458 465 1498 est,
495 1458 537 1488 ut
567 1464 683 1488 mane
713 1449 823 1488 domi
852 1457 902 1497 te,
935 1451 1058 1497 Galle,
1091 1451 1282 1488 salutem:

167 1523 225 1554 est
254 1515 363 1563 tanti,
394 1516 455 1553 vel
485 1515 516 1553 si
545 1514 700 1565 longius
729 1514 795 1553 illa
823 1516 932 1553 foret.

113 1582 184 1631 sed
212 1581 284 1620 tibi
313 1594 395 1619 non
425 1581 593 1618 multum
623 1588 695 1627 est,
724 1593 848 1618 unum
879 1580 908 1618 si
940 1587 1095 1630 praesto
1125 1587 1326 1630 togatum:

167 1648 336 1684 multum
366 1654 435 1694 est,
467 1647 574 1684 hunc
603 1659 726 1684 unum
758 1645 789 1684 si
820 1645 928 1693 mihi,
961 1646 1084 1692 Galle,
1116 1658 1233 1695 nego.

116 1713 199 1763 ipse
228 1712 410 1750 salutabo
440 1712 610 1750 decuma
639 1719 677 1749 te
707 1710 863 1761 saepius
893 1712 1016 1749 hora:

167 1791 284 1816 mane
314 1777 384 1816 tibi
414 1790 485 1827 pro
515 1790 579 1815 me
608 1775 714 1814 dicet
743 1777 885 1814 havere
914 1775 1025 1814 liber.
1412 1791 1451 1812 10

622 1893 720 1931 CIX

222 1977 307 2014 Issa
335 1981 393 2013 est
422 1987 579 2025 passere
607 1973 775 2023 nequior
804 1972 961 2019 Catulli,

223 2042 307 2079 Issa
336 2047 394 2078 est
423 2039 556 2089 purior
585 2040 722 2077 osculo
751 2037 972 2084 columbae,

223 2107 309 2144 Issa
338 2112 397 2144 est
425 2104 611 2143 blandior
640 2103 826 2142 omnibus
855 2102 1010 2153 puellis,

224 2174 309 2210 Issa
337 2179 396 2210 est
425 2170 550 2209 carior
580 2169 730 2209 Indicis
760 2168 914 2219 lapillis,

155 2275 249 2307 CVII
275 2275 348 2306 hab.
373 2275 403 2305 T
555 2284 568 2304 1
595 2273 778 2305 clarissime
800 2273 835 2304 P
989 2282 1004 2310 7
1031 2270 1150 2302 nolunt
1172 2280 1311 2310 campos
1333 2271 1448 2301 AABA

112 2320 197 2351 Fris.
214 2331 221 2350 :
245 2328 384 2358 campos
401 2317 521 2348 nolunt
540 2318 589 2349 CA

158 2363 270 2394 CVIII
296 2373 316 2402 3
338 2362 522 2402 Vipsanias
538 2361 633 2401 Rooy
757 2361 778 2390 6
802 2370 840 2390 es
855 2358 891 2388 X
1013 2369 1034 2397 9
1058 2358 1113 2388 uel
1129 2358 1239 2389 serius
1257 2358 1312 2388 ΒΑ
1325 2358 1378 2397 (cf.
1393 2357 1450 2387 III

113 2407 224 2439 xxxvi.
238 2408 272 2446 5)
290 2418 297 2438 :
321 2411 354 2437 te
365 2405 502 2445 saepius
515 2405 564 2436 CA
655 2414 696 2435 10
722 2414 826 2435 auere
843 2413 922 2434 corr.
939 2407 1037 2434 auete
1050 2405 1087 2432 ut
1103 2401 1165 2433 vid.
1184 2402 1233 2432 CA
1244 2404 1360 2440 (aucto
1373 2401 1445 2432 CG*

157 2450 238 2481 CIX
262 2460 281 2488 4
304 2449 435 2489 capillis
462 2449 511 2480 CA
