1648 2729
213 164 270 201 M.
302 163 424 200 VAL.
457 161 772 199 MARTIALIS

668 309 871 347 XXXVII

215 413 314 452 Iuris
344 421 382 452 et
410 426 624 463 aequarum
655 414 780 451 cultor
809 411 1054 450 sanctissime
1083 413 1225 462 legum,

267 478 441 517 veridico
472 477 629 516 Latium
659 477 726 527 qui
755 477 854 527 regis
885 490 951 515 ore
980 478 1118 524 forum,

214 543 414 593 municipi,
448 545 641 589 Materne,
672 550 741 580 tuo
769 541 970 592 veterique
999 541 1124 580 sodali

269 610 487 648 Callaicum
518 609 682 645 mandas
712 607 744 645 si
773 607 869 657 quid
898 608 949 646 ad
980 608 1254 646 Oceanum—.

215 677 278 712 An
310 673 552 711 Laurentino
581 672 704 722 turpis
733 672 773 710 in
803 672 915 711 litore
944 685 1057 710 ranas
1529 688 1546 720 5

269 747 306 777 et
336 739 455 777 satius
486 746 624 776 tenues
654 739 798 776 ducere
827 737 954 776 eredis
983 751 1075 776 aeos

213 806 263 843 ad
294 818 363 842 sua
392 803 591 854 captivum
621 817 740 853 quam
770 817 861 841 saxa
889 803 1087 841 remittere
1115 804 1292 849 mullum,

268 869 372 907 visus
402 869 473 907 erit
500 868 608 906 libris
637 868 705 918 qui
734 867 862 906 minor
891 881 976 906 esse
1004 867 1159 906 tribus?

215 943 252 973 et
282 936 429 973 fatuam
460 947 614 972 summa
643 947 783 972 cenare
812 933 990 983 pelorida
1018 946 1156 971 mensa

269 1013 449 1050 quosque
477 998 572 1048 tegit
599 998 674 1037 levi
703 998 847 1037 cortice
875 999 1030 1037 concha
1057 997 1185 1036 brevis
1512 1013 1551 1035 10

217 1074 344 1103 ostrea
375 1063 532 1102 Baianis
562 1077 681 1113 quam
712 1077 793 1101 non
821 1063 981 1101 liventia
1010 1062 1130 1110 testis,

270 1144 372 1180 quae
401 1129 566 1168 domino
595 1128 706 1178 pueri
736 1142 816 1167 non
845 1128 1081 1178 prohibente
1110 1129 1276 1166 vorent?

217 1196 281 1234 hic
310 1195 458 1233 olidam
488 1196 685 1233 clamosus
714 1207 804 1244 ages
834 1194 874 1231 in
904 1193 1000 1232 retia
1028 1195 1185 1243 volpem

272 1260 548 1309 mordebitque
577 1267 666 1297 tuos
695 1259 855 1297 sordida
883 1260 1030 1308 praeda
1062 1272 1202 1297 canes:

218 1326 295 1364 illic
325 1325 482 1376 piscoso
516 1325 638 1362 modo
668 1323 730 1361 vix
759 1325 903 1362 educta
931 1324 1130 1373 profundo
1512 1338 1550 1371 15

272 1390 477 1441 inpedient
506 1392 659 1440 lepores
689 1389 826 1428 umida
854 1389 933 1428 lina
962 1402 1144 1428 meos.—

221 1459 328 1495 Dum
358 1458 499 1506 loquor
529 1469 622 1494 ecee
651 1455 751 1494 redit
781 1462 914 1505 sporta
941 1455 1113 1505 piscator
1141 1453 1260 1502 inani,

273 1529 435 1560 venator
464 1528 579 1570 capta
608 1522 734 1559 maele
764 1520 956 1570 superbus
985 1521 1120 1558 adest:

220 1587 348 1625 omnis
378 1587 428 1625 ab
458 1587 611 1624 urbano
640 1585 747 1624 venit
776 1587 826 1624 ad
857 1599 962 1623 mare
992 1599 1090 1624 cena
1120 1586 1296 1623 macello.

275 1653 492 1692 Callaicum
523 1652 688 1689 mandas
718 1650 750 1688 si
779 1649 874 1700 quid
904 1651 955 1688 ad
985 1651 1257 1689 Oceanum—.
1514 1666 1553 1689 20

686 1806 866 1842 XXXIX

222 1911 396 1950 Consule
426 1917 463 1948 te
495 1911 617 1947 Bruto
647 1911 755 1959 quod
785 1909 897 1956 iuras,
931 1908 1084 1955 Lesbia,
1118 1916 1262 1957 natam,

274 1974 460 2014 mentiris.
521 1976 625 2012 Nata
654 1988 706 2021 es,
741 1974 895 2022 Lesbia,
927 1987 1017 2024 rege
1047 1975 1209 2012 Numa?

265 2078 434 2109 XXXVII
461 2090 480 2109 2
504 2078 644 2109 uiridico
663 2078 759 2118 (iur-)
779 2078 826 2108 CA
942 2088 961 2116 3
985 2077 1154 2116 municipii
1172 2077 1221 2108 CA
1334 2079 1356 2108 6
1378 2087 1460 2109 acus
1475 2076 1554 2108 BA:

221 2133 300 2153 aeos
319 2122 367 2152 CA
470 2133 486 2161 7
512 2122 667 2161 captiuos
685 2121 734 2152 CA
834 2122 854 2151 8
878 2122 988 2151 minus
1005 2121 1077 2152 EA:
1104 2121 1214 2151 minor
1230 2120 1279 2151 CA
1380 2132 1402 2160 9
1426 2122 1551 2152 fatuum

222 2165 276 2195 BA
368 2176 407 2196 10
431 2176 584 2205 quosque
600 2165 677 2195 BA:
701 2175 835 2204 quoque
853 2165 901 2195 CA
917 2177 924 2196 :
947 2165 1106 2204 quodque
1124 2164 1170 2195 ed.
1189 2175 1218 2196 α.
1241 2174 1323 2203 1473
1405 2165 1486 2204 legit
1505 2164 1554 2195 CA

224 2210 339 2250 (Lpro
355 2209 397 2245 T)
534 2219 569 2239 11
595 2209 733 2239 libentia
749 2208 839 2239 codd.
861 2209 894 2248 (i.
910 2219 933 2240 e.
954 2208 1027 2247 liv-)
1154 2218 1192 2246 13
1217 2208 1438 2239 Cholchidam
1458 2208 1552 2247 (ΕΟ-δ

224 2252 272 2283 CA
291 2257 363 2291 apro
377 2253 427 2282 Hc
443 2253 576 2290 olidam,
596 2253 614 2284 ι’.
629 2263 655 2284 e.
671 2252 726 2283 hic
744 2253 790 2291 o.)
926 2262 963 2291 17
988 2252 1082 2282 uenit
1097 2251 1170 2282 BA:
1197 2252 1286 2282 redit
1303 2251 1353 2282 CA
1457 2257 1554 2291 porta

225 2296 319 2337 (EA)
337 2296 386 2326 vel
399 2301 515 2335 sporta
534 2296 583 2327 CA
728 2297 767 2325 18
792 2301 890 2336 capto
911 2295 988 2326 BA:
1012 2300 1109 2334 capta
1134 2295 1184 2325 CA
1286 2295 1394 2326 maele
1418 2294 1552 2326 Salma-

221 2340 311 2370 sius:
343 2340 429 2370 male
453 2338 510 2369 ΒΑ
536 2340 651 2377 [melle
677 2339 742 2378 Q):
776 2344 886 2370 meate
911 2339 959 2369 CA
982 2338 1083 2380 (Tpro
1109 2338 1149 2380 L)
1287 2349 1325 2378 19
1349 2338 1478 2370 macelli
1506 2338 1553 2370 (A

223 2393 264 2413 20
282 2383 388 2413 andas
405 2383 500 2421 (EA)
519 2384 568 2413 vel
581 2383 720 2413 mandas
738 2382 786 2413 CA

267 2426 423 2457 XXXIX
447 2426 521 2458 hab.
545 2426 575 2457 T
677 2436 690 2456 1
717 2426 806 2466 quod
824 2424 964 2456 AABA:
988 2426 1067 2465 quid
1086 2425 1134 2456 CA
