1648 2729
800 185 1269 224 EPIGRAMMATON
1300 186 1404 223 LIB.
1440 187 1457 223 1

123 298 237 337 siccis
266 298 350 348 ipse
378 296 489 347 genis
518 298 657 335 flentes
687 297 865 335 hortatus
893 295 1044 335 amicos

177 362 350 402 decrevit
379 361 532 412 Stygios
563 363 701 400 Festus
731 360 839 399 adire
868 362 988 400 lacus.

123 442 196 468 nec
225 437 359 467 tamen
388 428 558 466 obscuro
587 426 652 477 pia
680 426 820 477 polluit
849 439 916 464 ora
944 439 1100 465 veneno
1440 445 1456 474 5

176 502 244 532 aut
273 493 384 532 torsit
412 494 519 532 lenta
547 491 670 530 tristia
698 492 777 530 fata
806 493 921 539 fame,

123 567 299 598 sanctam
331 560 516 596 Romana
544 556 665 595 vitam
694 558 765 595 sed
795 564 920 595 morte
951 555 1099 606 peregit

178 623 407 673 dimisitque
435 622 610 661 animam
639 621 835 660 nobiliore
865 635 970 672 rogo.

127 691 245 728 Hanc
275 697 443 727 mortem
472 687 561 726 fatis
591 686 723 736 magni
752 688 947 736 praeferre
977 685 1142 726 Catonis

178 755 282 793 fama
310 761 466 803 potest:
505 752 622 792 huius
653 753 798 792 Caesar
826 751 977 790 amicus
1007 759 1098 790 erat.
1424 767 1461 788 10

602 840 778 878 LXXIX

125 915 288 963 Semper
316 911 398 962 agis
427 924 565 949 causas
595 919 633 949 et
662 924 722 949 res
751 910 843 960 agis,
876 911 1018 957 Attale‚
1051 922 1230 959 semper:

179 986 248 1025 est,
279 991 360 1016 non
390 984 449 1015 est
477 977 586 1026 quod
615 989 717 1025 agas,
749 976 892 1022 Astale,
924 987 1079 1024 semper
1106 973 1199 1024 agis.

125 1049 156 1088 si
186 1062 245 1087 res
275 1057 314 1087 et
343 1061 484 1087 causae
513 1048 668 1094 desunt,
699 1046 792 1097 agis,
823 1046 967 1093 Attale,
1000 1046 1137 1083 mulas.

179 1115 323 1161 Attale,
354 1127 404 1152 ne
435 1113 544 1163 quod
573 1126 664 1163 agas
695 1111 808 1159 desit,
839 1124 930 1162 agas
959 1110 1147 1149 animam.

612 1201 765 1238 LXXX

127 1273 319 1324 Sportula,
352 1273 472 1319 Cane,
506 1271 578 1310 tibi
608 1284 791 1321 suprema
820 1278 939 1309 noete
968 1269 1090 1320 petita
1120 1276 1189 1308 est.

180 1337 325 1377 oceidit
354 1345 452 1388 puto
482 1345 531 1384 te,
564 1338 686 1383 Cane,
719 1337 828 1386 quod
857 1349 936 1374 una
964 1335 1047 1373 fuit.

599 1425 775 1462 LXXXI

126 1499 163 1535 A
194 1509 305 1535 servo
335 1495 410 1534 scis
440 1503 478 1534 te
507 1495 684 1545 genitum
714 1495 941 1544 blandeque
970 1493 1112 1541 fateris,

184 1575 275 1600 cum
305 1560 403 1600 dicis
434 1560 654 1608 dominum,
686 1559 904 1607 Sosibiane,
936 1567 1099 1610 patrem.

588 1649 788 1686 LXXXII

238 1721 353 1758 Haec
382 1733 484 1770 quae
512 1720 672 1770 pulvere
701 1718 889 1769 dissipata
918 1719 1044 1757 multo

238 1787 374 1836 longas
402 1784 577 1835 porticus
606 1784 774 1835 explicat
803 1783 946 1831 ruinas,

237 1863 288 1888 en
317 1858 467 1900 quanto
496 1849 598 1888 iacet
625 1849 808 1887 absoluta
836 1850 954 1886 casu!

239 1914 351 1953 tectis
380 1927 472 1952 nam
502 1915 625 1952 modo
655 1914 832 1963 Regulus
861 1912 936 1950 sub
964 1911 1039 1950 illis

238 1986 410 2029 gestatus
440 1980 565 2016 fuerat
593 1984 897 2026 recesseratque,
1449 1991 1466 2020 5

239 2043 343 2082 victa
371 2051 429 2082 est
458 2044 635 2094 pondere
664 2056 755 2081 curn
786 2055 858 2080 suo
887 2048 1060 2091 repente,

240 2117 278 2147 et
307 2116 519 2159 postquam
548 2106 714 2147 domino
744 2106 842 2145 nihil
871 2106 1047 2153 timebat,

240 2187 380 2213 securo
409 2172 485 2211 ruit
514 2172 720 2211 incruenta
749 2172 911 2210 damno.

176 2280 197 2308 6
212 2278 334 2309 famem
348 2277 397 2308 CA
535 2288 551 2316 7
568 2281 685 2307 sancta
703 2276 787 2314 (sca)
806 2285 944 2305 romana
960 2274 1039 2305 BA:
1062 2278 1216 2305 sanctam
1232 2282 1403 2304 romanam
1423 2272 1451 2302 C
1453 2277 1472 2292 Α

133 2324 154 2353 8
178 2332 262 2361 rogo
279 2321 356 2352 BA:
380 2321 449 2351 uita
467 2321 517 2351 CA
533 2320 587 2361 (cs.
607 2331 638 2354 v.
658 2328 703 2359 7³,
722 2318 809 2349 unde
824 2319 879 2349 uia
895 2318 971 2349 Ital.

177 2365 329 2396 LXXIX
353 2364 427 2395 hab.
446 2364 480 2394 R
672 2362 803 2394 LXXX
828 2362 902 2393 hab.
930 2361 959 2392 T
1130 2359 1281 2391 LXXXI
1305 2358 1381 2390 hab.
1403 2359 1432 2389 T

180 2408 346 2439 LXXXII
372 2419 392 2447 3
416 2419 459 2439 en
477 2412 604 2448 quanto
621 2407 700 2438 BA:
723 2407 756 2437 in
774 2410 869 2437 tanto
889 2405 939 2437 CA
1058 2406 1078 2436 8
1101 2405 1167 2435 ruit
1183 2404 1260 2435 BA:
1283 2403 1405 2435 cecidit
1424 2402 1473 2433 CA

133 2453 247 2494 (gloss.
266 2452 300 2483 in
318 2452 399 2493 ruit)
