<?xml version="1.0" encoding="UTF-8"?>
<!DOCTYPE html PUBLIC "-//W3C//DTD XHTML 1.0 Transitional//EN"
    "http://www.w3.org/TR/xhtml1/DTD/xhtml1-transitional.dtd">
<html xmlns="http://www.w3.org/1999/xhtml" xml:lang="en" lang="en">
 <head>
  <title>
</title>
<meta http-equiv="Content-Type" content="text/html;charset=utf-8" />
  <meta name='ocr-system' content='tesseract 3.04.00' />
  <meta name='ocr-capabilities' content='ocr_page ocr_carea ocr_par ocr_line ocrx_word'/>
</head>
<body>
  <div class='ocr_page' id='page_1' title='image "./epigrammatasele00martuoft_0166.png"; bbox 0 0 1648 2729; ppageno 0'>
   <div class='ocr_carea' id='block_1_1' title="bbox 208 115 767 154">
    <p class='ocr_par' dir='ltr' id='par_1_1' title="bbox 208 115 767 154">
     <span class='ocr_line' id='line_1_1' title="bbox 208 115 767 154; baseline 0.007 -4"><span class='ocrx_word' id='word_1_1' title='bbox 208 115 263 151; x_wconf 84' lang='lat' dir='ltr'>M.</span> <span class='ocrx_word' id='word_1_2' title='bbox 296 115 419 151; x_wconf 86' lang='lat' dir='ltr'>VAL.</span> <span class='ocrx_word' id='word_1_3' title='bbox 450 115 767 154; x_wconf 88' lang='lat' dir='ltr'>MARTIALIS</span> 
     </span>
    </p>
   </div>
   <div class='ocr_carea' id='block_1_2' title="bbox 205 229 1537 1463">
    <p class='ocr_par' dir='ltr' id='par_1_2' title="bbox 205 229 1537 1463">
     <span class='ocr_line' id='line_1_2' title="bbox 308 229 1095 280; baseline 0.004 -15"><span class='ocrx_word' id='word_1_4' title='bbox 308 240 400 265; x_wconf 91' lang='lat' dir='ltr'>cum</span> <span class='ocrx_word' id='word_1_5' title='bbox 429 229 598 278; x_wconf 87' lang='lat' dir='ltr'>perferre</span> <span class='ocrx_word' id='word_1_6' title='bbox 626 229 788 279; x_wconf 90' lang='lat' dir='ltr'>patique</span> <span class='ocrx_word' id='word_1_7' title='bbox 817 229 895 267; x_wconf 87' lang='lat' dir='ltr'>iam</span> <span class='ocrx_word' id='word_1_8' title='bbox 925 238 1095 280; x_wconf 80' lang='lat' dir='ltr'>negaret,</span> 
     </span>
     <span class='ocr_line' id='line_1_3' title="bbox 309 292 1064 345; baseline 0.005 -15"><span class='ocrx_word' id='word_1_9' title='bbox 309 292 441 343; x_wconf 88' lang='lat' dir='ltr'>coepit</span> <span class='ocrx_word' id='word_1_10' title='bbox 470 294 617 343; x_wconf 90' lang='lat' dir='ltr'>fingere</span> <span class='ocrx_word' id='word_1_11' title='bbox 647 294 805 334; x_wconf 88' lang='lat' dir='ltr'>Caelius</span> <span class='ocrx_word' id='word_1_12' title='bbox 835 295 1064 345; x_wconf 78' lang='lat' dir='ltr'>podagram.</span> 
     </span>
     <span class='ocr_line' id='line_1_4' title="bbox 309 359 1537 410; baseline 0.002 -14"><span class='ocrx_word' id='word_1_13' title='bbox 309 371 429 408; x_wconf 89' lang='lat' dir='ltr'>quam</span> <span class='ocrx_word' id='word_1_14' title='bbox 458 359 555 397; x_wconf 91' lang='lat' dir='ltr'>dum</span> <span class='ocrx_word' id='word_1_15' title='bbox 586 361 666 398; x_wconf 95' lang='lat' dir='ltr'>volt</span> <span class='ocrx_word' id='word_1_16' title='bbox 695 359 812 398; x_wconf 87' lang='lat' dir='ltr'>nimis</span> <span class='ocrx_word' id='word_1_17' title='bbox 841 360 1062 410; x_wconf 86' lang='lat' dir='ltr'>adprobare</span> <span class='ocrx_word' id='word_1_18' title='bbox 1091 374 1222 399; x_wconf 81' lang='lat' dir='ltr'>veram</span> <span class='ocrx_word' id='word_1_19' title='bbox 1519 379 1537 410; x_wconf 89' lang='lat'>5</span> 
     </span>
     <span class='ocr_line' id='line_1_5' title="bbox 309 416 1359 476; baseline 0.003 -14"><span class='ocrx_word' id='word_1_20' title='bbox 309 430 348 462; x_wconf 88' lang='lat' dir='ltr'>et</span> <span class='ocrx_word' id='word_1_21' title='bbox 376 437 490 462; x_wconf 92' lang='lat' dir='ltr'>sanas</span> <span class='ocrx_word' id='word_1_22' title='bbox 520 423 606 462; x_wconf 90' lang='lat' dir='ltr'>linit</span> <span class='ocrx_word' id='word_1_23' title='bbox 635 424 862 475; x_wconf 83' lang='lat' dir='ltr'>obligatque</span> <span class='ocrx_word' id='word_1_24' title='bbox 890 427 1045 476; x_wconf 79' lang='lat' dir='ltr'>plantas</span> <span class='ocrx_word' id='word_1_25' title='bbox 1356 416 1359 419; x_wconf 11' lang='grc' dir='ltr'>μ</span> 
     </span>
     <span class='ocr_line' id='line_1_6' title="bbox 308 487 926 539; baseline 0.005 -13"><span class='ocrx_word' id='word_1_26' title='bbox 308 487 537 539; x_wconf 86' lang='lat' dir='ltr'>inceditque</span> <span class='ocrx_word' id='word_1_27' title='bbox 565 491 688 539; x_wconf 91' lang='lat' dir='ltr'>gradu</span> <span class='ocrx_word' id='word_1_28' title='bbox 717 489 926 537; x_wconf 90' lang='lat' dir='ltr'>laborioso,</span> 
     </span>
     <span class='ocr_line' id='line_1_7' title="bbox 308 555 1254 605; baseline 0.003 -14"><span class='ocrx_word' id='word_1_29' title='bbox 308 561 556 603; x_wconf 75' lang='lat' dir='ltr'>——quantum</span> <span class='ocrx_word' id='word_1_30' title='bbox 587 568 679 592; x_wconf 88' lang='lat' dir='ltr'>cura</span> <span class='ocrx_word' id='word_1_31' title='bbox 708 562 839 605; x_wconf 88' lang='lat' dir='ltr'>potest</span> <span class='ocrx_word' id='word_1_32' title='bbox 868 563 906 593; x_wconf 90' lang='lat' dir='ltr'>et</span> <span class='ocrx_word' id='word_1_33' title='bbox 934 569 995 593; x_wconf 88' lang='lat' dir='ltr'>ars</span> <span class='ocrx_word' id='word_1_34' title='bbox 1025 555 1171 594; x_wconf 91' lang='lat' dir='ltr'>doloris</span> <span class='ocrx_word' id='word_1_35' title='bbox 1191 558 1254 594; x_wconf 78' lang='lat'>1—-</span> 
     </span>
     <span class='ocr_line' id='line_1_8' title="bbox 309 619 1030 671; baseline 0.003 -15"><span class='ocrx_word' id='word_1_36' title='bbox 309 619 412 656; x_wconf 86' lang='lat' dir='ltr'>desit</span> <span class='ocrx_word' id='word_1_37' title='bbox 441 620 587 669; x_wconf 89' lang='lat' dir='ltr'>fingere</span> <span class='ocrx_word' id='word_1_38' title='bbox 617 619 774 659; x_wconf 88' lang='lat' dir='ltr'>Caelius</span> <span class='ocrx_word' id='word_1_39' title='bbox 804 621 1030 671; x_wconf 82' lang='lat' dir='ltr'>podagram.</span> 
     </span>
     <span class='ocr_line' id='line_1_9' title="bbox 779 692 853 728; baseline 0 0"><span class='ocrx_word' id='word_1_40' title='bbox 779 692 853 728; x_wconf 95' lang='lat' dir='ltr'>XL</span> 
     </span>
     <span class='ocr_line' id='line_1_10' title="bbox 205 753 1210 805; baseline 0.003 -14"><span class='ocrx_word' id='word_1_41' title='bbox 205 754 285 792; x_wconf 86' lang='lat' dir='ltr'>Hic</span> <span class='ocrx_word' id='word_1_42' title='bbox 315 753 415 793; x_wconf 88' lang='lat' dir='ltr'>iacet</span> <span class='ocrx_word' id='word_1_43' title='bbox 444 754 508 793; x_wconf 92' lang='lat' dir='ltr'>ille</span> <span class='ocrx_word' id='word_1_44' title='bbox 538 768 656 793; x_wconf 84' lang='lat' dir='ltr'>senex</span> <span class='ocrx_word' id='word_1_45' title='bbox 686 757 866 805; x_wconf 85' lang='lat' dir='ltr'>Augusta</span> <span class='ocrx_word' id='word_1_46' title='bbox 894 763 1011 794; x_wconf 90' lang='lat' dir='ltr'>notus</span> <span class='ocrx_word' id='word_1_47' title='bbox 1041 755 1079 793; x_wconf 87' lang='lat' dir='ltr'>in</span> <span class='ocrx_word' id='word_1_48' title='bbox 1110 757 1210 803; x_wconf 91' lang='lat' dir='ltr'>aula,</span> 
     </span>
     <span class='ocr_line' id='line_1_11' title="bbox 257 820 1282 871; baseline 0.003 -14"><span class='ocrx_word' id='word_1_49' title='bbox 257 827 417 869; x_wconf 85' lang='lat' dir='ltr'>pectore</span> <span class='ocrx_word' id='word_1_50' title='bbox 446 834 528 859; x_wconf 91' lang='lat' dir='ltr'>non</span> <span class='ocrx_word' id='word_1_51' title='bbox 558 820 698 858; x_wconf 89' lang='lat' dir='ltr'>humili</span> <span class='ocrx_word' id='word_1_52' title='bbox 726 834 864 871; x_wconf 92' lang='lat' dir='ltr'>passus</span> <span class='ocrx_word' id='word_1_53' title='bbox 893 828 1106 871; x_wconf 87' lang='lat' dir='ltr'>utrumque</span> <span class='ocrx_word' id='word_1_54' title='bbox 1135 823 1282 869; x_wconf 72' lang='lat' dir='ltr'>deum,</span> 
     </span>
     <span class='ocr_line' id='line_1_12' title="bbox 205 885 1250 936; baseline 0.003 -14"><span class='ocrx_word' id='word_1_55' title='bbox 205 891 386 923; x_wconf 85' lang='lat' dir='ltr'>natorum</span> <span class='ocrx_word' id='word_1_56' title='bbox 416 885 540 935; x_wconf 85' lang='lat' dir='ltr'>pietas</span> <span class='ocrx_word' id='word_1_57' title='bbox 569 885 715 924; x_wconf 88' lang='lat' dir='ltr'>sanctis</span> <span class='ocrx_word' id='word_1_58' title='bbox 744 899 864 936; x_wconf 86' lang='lat' dir='ltr'>quem</span> <span class='ocrx_word' id='word_1_59' title='bbox 893 885 1072 936; x_wconf 89' lang='lat' dir='ltr'>coniugis</span> <span class='ocrx_word' id='word_1_60' title='bbox 1101 887 1250 925; x_wconf 91' lang='lat' dir='ltr'>umbris</span> 
     </span>
     <span class='ocr_line' id='line_1_13' title="bbox 259 949 1194 1002; baseline 0.003 -15"><span class='ocrx_word' id='word_1_61' title='bbox 259 949 438 989; x_wconf 87' lang='lat' dir='ltr'>miscuit:</span> <span class='ocrx_word' id='word_1_62' title='bbox 479 950 656 1000; x_wconf 88' lang='lat' dir='ltr'>Elysium</span> <span class='ocrx_word' id='word_1_63' title='bbox 687 951 864 1002; x_wconf 82' lang='lat' dir='ltr'>possidet</span> <span class='ocrx_word' id='word_1_64' title='bbox 892 951 1012 990; x_wconf 92' lang='lat' dir='ltr'>ambo</span> <span class='ocrx_word' id='word_1_65' title='bbox 1042 965 1194 990; x_wconf 89' lang='lat' dir='ltr'>nemus.</span> 
     </span>
     <span class='ocr_line' id='line_1_14' title="bbox 205 1014 1154 1066; baseline 0.002 -12"><span class='ocrx_word' id='word_1_66' title='bbox 205 1014 364 1054; x_wconf 78' lang='lat' dir='ltr'>Occidit</span> <span class='ocrx_word' id='word_1_67' title='bbox 393 1015 458 1054; x_wconf 91' lang='lat' dir='ltr'>illa</span> <span class='ocrx_word' id='word_1_68' title='bbox 486 1015 591 1066; x_wconf 89' lang='lat' dir='ltr'>prior</span> <span class='ocrx_word' id='word_1_69' title='bbox 619 1016 732 1055; x_wconf 91' lang='lat' dir='ltr'>viridi</span> <span class='ocrx_word' id='word_1_70' title='bbox 761 1018 941 1056; x_wconf 88' lang='lat' dir='ltr'>fraudata</span> <span class='ocrx_word' id='word_1_71' title='bbox 969 1017 1154 1056; x_wconf 89' lang='lat' dir='ltr'>iuventa:</span> 
     </span>
     <span class='ocr_line' id='line_1_15' title="bbox 258 1079 1127 1133; baseline 0.005 -16"><span class='ocrx_word' id='word_1_72' title='bbox 258 1079 323 1118; x_wconf 93' lang='lat' dir='ltr'>hic</span> <span class='ocrx_word' id='word_1_73' title='bbox 352 1094 475 1130; x_wconf 89' lang='lat' dir='ltr'>prope</span> <span class='ocrx_word' id='word_1_74' title='bbox 504 1088 562 1119; x_wconf 91' lang='lat' dir='ltr'>ter</span> <span class='ocrx_word' id='word_1_75' title='bbox 590 1095 704 1120; x_wconf 87' lang='lat' dir='ltr'>senas</span> <span class='ocrx_word' id='word_1_76' title='bbox 734 1081 828 1120; x_wconf 87' lang='lat' dir='ltr'>vixit</span> <span class='ocrx_word' id='word_1_77' title='bbox 857 1082 1127 1133; x_wconf 86' lang='lat' dir='ltr'>Olympiadas.</span> 
     </span>
     <span class='ocr_line' id='line_1_16' title="bbox 205 1145 1134 1197; baseline 0.003 -14"><span class='ocrx_word' id='word_1_78' title='bbox 205 1146 274 1184; x_wconf 89' lang='lat' dir='ltr'>sed</span> <span class='ocrx_word' id='word_1_79' title='bbox 303 1145 495 1184; x_wconf 87' lang='lat' dir='ltr'>festinatis</span> <span class='ocrx_word' id='word_1_80' title='bbox 524 1154 679 1197; x_wconf 87' lang='lat' dir='ltr'>raptum</span> <span class='ocrx_word' id='word_1_81' title='bbox 709 1147 781 1186; x_wconf 89' lang='lat' dir='ltr'>tibi</span> <span class='ocrx_word' id='word_1_82' title='bbox 810 1147 978 1186; x_wconf 86' lang='lat' dir='ltr'>credidit</span> <span class='ocrx_word' id='word_1_83' title='bbox 1006 1147 1134 1195; x_wconf 88' lang='lat' dir='ltr'>annis,</span> 
     </span>
     <span class='ocr_line' id='line_1_17' title="bbox 258 1210 1174 1262; baseline 0.003 -14"><span class='ocrx_word' id='word_1_84' title='bbox 258 1210 408 1260; x_wconf 84' lang='lat' dir='ltr'>aspexit</span> <span class='ocrx_word' id='word_1_85' title='bbox 437 1211 616 1250; x_wconf 82' lang='lat' dir='ltr'>lacrimas</span> <span class='ocrx_word' id='word_1_86' title='bbox 646 1211 835 1262; x_wconf 83' lang='lat' dir='ltr'>quisquis,</span> <span class='ocrx_word' id='word_1_87' title='bbox 870 1214 1046 1260; x_wconf 87' lang='lat' dir='ltr'>Etrusce,</span> <span class='ocrx_word' id='word_1_88' title='bbox 1077 1220 1174 1251; x_wconf 90' lang='lat' dir='ltr'>tuas.</span> 
     </span>
     <span class='ocr_line' id='line_1_18' title="bbox 769 1284 866 1321; baseline 0.01 -1"><span class='ocrx_word' id='word_1_89' title='bbox 769 1284 866 1321; x_wconf 88' lang='lat' dir='ltr'>XLI</span> 
     </span>
     <span class='ocr_line' id='line_1_19' title="bbox 206 1347 1256 1398; baseline 0.002 -14"><span class='ocrx_word' id='word_1_90' title='bbox 206 1347 414 1385; x_wconf 77' lang='lat' dir='ltr'>Cosmicos</span> <span class='ocrx_word' id='word_1_91' title='bbox 444 1361 530 1386; x_wconf 89' lang='lat' dir='ltr'>esse</span> <span class='ocrx_word' id='word_1_92' title='bbox 560 1347 641 1394; x_wconf 81' lang='lat' dir='ltr'>tibi,</span> <span class='ocrx_word' id='word_1_93' title='bbox 674 1348 882 1398; x_wconf 89' lang='lat' dir='ltr'>Semproni</span> <span class='ocrx_word' id='word_1_94' title='bbox 912 1350 1061 1397; x_wconf 86' lang='lat' dir='ltr'>Tucca,</span> <span class='ocrx_word' id='word_1_95' title='bbox 1090 1347 1256 1387; x_wconf 88' lang='lat' dir='ltr'>videris:</span> 
     </span>
     <span class='ocr_line' id='line_1_20' title="bbox 260 1412 1362 1463; baseline 0.002 -13"><span class='ocrx_word' id='word_1_96' title='bbox 260 1412 444 1460; x_wconf 88' lang='lat' dir='ltr'>cosmica,</span> <span class='ocrx_word' id='word_1_97' title='bbox 476 1412 698 1463; x_wconf 74' lang='lat' dir='ltr'>Semproni,</span> <span class='ocrx_word' id='word_1_98' title='bbox 728 1421 807 1451; x_wconf 88' lang='lat' dir='ltr'>tam</span> <span class='ocrx_word' id='word_1_99' title='bbox 839 1415 942 1451; x_wconf 88' lang='lat' dir='ltr'>mala</span> <span class='ocrx_word' id='word_1_100' title='bbox 970 1427 1090 1463; x_wconf 86' lang='lat' dir='ltr'>quam</span> <span class='ocrx_word' id='word_1_101' title='bbox 1126 1414 1232 1452; x_wconf 88' lang='lat' dir='ltr'>bona</span> <span class='ocrx_word' id='word_1_102' title='bbox 1261 1422 1362 1452; x_wconf 90' lang='lat' dir='ltr'>sunt.</span> 
     </span>
    </p>
   </div>
   <div class='ocr_carea' id='block_1_3' title="bbox 756 1485 877 1522">
    <p class='ocr_par' dir='ltr' id='par_1_3' title="bbox 756 1485 877 1522">
     <span class='ocr_line' id='line_1_21' title="bbox 756 1485 877 1522; baseline 0.008 -1"><span class='ocrx_word' id='word_1_103' title='bbox 756 1485 877 1522; x_wconf 91' lang='lat' dir='ltr'>XLII</span> 
     </span>
    </p>
   </div>
   <div class='ocr_carea' id='block_1_4' title="bbox 207 1548 1540 1925">
    <p class='ocr_par' dir='ltr' id='par_1_4' title="bbox 209 1548 1227 1662">
     <span class='ocr_line' id='line_1_22' title="bbox 209 1548 1227 1599; baseline 0.002 -13"><span class='ocrx_word' id='word_1_104' title='bbox 209 1548 443 1587; x_wconf 89' lang='lat' dir='ltr'>Muneribus</span> <span class='ocrx_word' id='word_1_105' title='bbox 472 1548 605 1599; x_wconf 88' lang='lat' dir='ltr'>cupiat</span> <span class='ocrx_word' id='word_1_106' title='bbox 634 1548 665 1587; x_wconf 90' lang='lat' dir='ltr'>si</span> <span class='ocrx_word' id='word_1_107' title='bbox 695 1548 782 1598; x_wconf 86' lang='lat' dir='ltr'>quis</span> <span class='ocrx_word' id='word_1_108' title='bbox 813 1551 1054 1588; x_wconf 87' lang='lat' dir='ltr'>contendere</span> <span class='ocrx_word' id='word_1_109' title='bbox 1084 1558 1227 1597; x_wconf 90' lang='lat' dir='ltr'>tecum,</span> 
     </span>
     <span class='ocr_line' id='line_1_23' title="bbox 259 1613 1158 1662; baseline 0 -9"><span class='ocrx_word' id='word_1_110' title='bbox 259 1615 405 1653; x_wconf 86' lang='lat' dir='ltr'>audeat</span> <span class='ocrx_word' id='word_1_111' title='bbox 433 1613 498 1653; x_wconf 90' lang='lat' dir='ltr'>hic</span> <span class='ocrx_word' id='word_1_112' title='bbox 527 1614 656 1662; x_wconf 84' lang='lat' dir='ltr'>etiam,</span> <span class='ocrx_word' id='word_1_113' title='bbox 689 1614 876 1662; x_wconf 87' lang='lat' dir='ltr'>Castrice,</span> <span class='ocrx_word' id='word_1_114' title='bbox 908 1615 1158 1654; x_wconf 88' lang='lat' dir='ltr'>carminibus.</span> 
     </span>
    </p>

    <p class='ocr_par' dir='ltr' id='par_1_5' title="bbox 208 1678 1271 1795">
     <span class='ocr_line' id='line_1_24' title="bbox 208 1678 1271 1730; baseline 0.001 -13"><span class='ocrx_word' id='word_1_115' title='bbox 208 1692 280 1718; x_wconf 91' lang='lat' dir='ltr'>nos</span> <span class='ocrx_word' id='word_1_116' title='bbox 310 1686 447 1718; x_wconf 89' lang='lat' dir='ltr'>tenues</span> <span class='ocrx_word' id='word_1_117' title='bbox 476 1678 517 1717; x_wconf 90' lang='lat' dir='ltr'>in</span> <span class='ocrx_word' id='word_1_118' title='bbox 547 1688 715 1730; x_wconf 90' lang='lat' dir='ltr'>utroque</span> <span class='ocrx_word' id='word_1_119' title='bbox 744 1693 880 1718; x_wconf 89' lang='lat' dir='ltr'>sumus</span> <span class='ocrx_word' id='word_1_120' title='bbox 910 1679 1093 1730; x_wconf 85' lang='lat' dir='ltr'>vincique</span> <span class='ocrx_word' id='word_1_121' title='bbox 1122 1680 1271 1730; x_wconf 88' lang='lat' dir='ltr'>parati:</span> 
     </span>
     <span class='ocr_line' id='line_1_25' title="bbox 261 1743 1130 1795; baseline 0.001 -13"><span class='ocrx_word' id='word_1_122' title='bbox 261 1743 354 1782; x_wconf 89' lang='lat' dir='ltr'>inde</span> <span class='ocrx_word' id='word_1_123' title='bbox 383 1757 502 1795; x_wconf 91' lang='lat' dir='ltr'>sopor</span> <span class='ocrx_word' id='word_1_124' title='bbox 531 1744 646 1783; x_wconf 90' lang='lat' dir='ltr'>nobis</span> <span class='ocrx_word' id='word_1_125' title='bbox 676 1752 715 1783; x_wconf 89' lang='lat' dir='ltr'>et</span> <span class='ocrx_word' id='word_1_126' title='bbox 743 1746 872 1794; x_wconf 76' lang='lat' dir='ltr'>placet</span> <span class='ocrx_word' id='word_1_127' title='bbox 900 1746 979 1783; x_wconf 89' lang='lat' dir='ltr'>alta</span> <span class='ocrx_word' id='word_1_128' title='bbox 1007 1745 1130 1795; x_wconf 86' lang='lat' dir='ltr'>quies.</span> 
     </span>
    </p>

    <p class='ocr_par' dir='ltr' id='par_1_6' title="bbox 207 1809 1540 1925">
     <span class='ocr_line' id='line_1_26' title="bbox 207 1809 1540 1861; baseline 0.001 -14"><span class='ocrx_word' id='word_1_129' title='bbox 207 1811 309 1848; x_wconf 89' lang='lat' dir='ltr'>Tam</span> <span class='ocrx_word' id='word_1_130' title='bbox 339 1811 442 1848; x_wconf 91' lang='lat' dir='ltr'>mala</span> <span class='ocrx_word' id='word_1_131' title='bbox 471 1823 539 1848; x_wconf 90' lang='lat' dir='ltr'>cur</span> <span class='ocrx_word' id='word_1_132' title='bbox 567 1809 682 1859; x_wconf 89' lang='lat' dir='ltr'>igitur</span> <span class='ocrx_word' id='word_1_133' title='bbox 711 1809 889 1849; x_wconf 87' lang='lat' dir='ltr'>dederim</span> <span class='ocrx_word' id='word_1_134' title='bbox 919 1810 991 1848; x_wconf 90' lang='lat' dir='ltr'>tibi</span> <span class='ocrx_word' id='word_1_135' title='bbox 1021 1810 1204 1858; x_wconf 88' lang='lat' dir='ltr'>carmina,</span> <span class='ocrx_word' id='word_1_136' title='bbox 1237 1809 1420 1861; x_wconf 87' lang='lat' dir='ltr'>quaeris?</span> <span class='ocrx_word' id='word_1_137' title='bbox 1523 1826 1540 1856; x_wconf 78' lang='lat'><strong><em>5</em></strong></span> 
     </span>
     <span class='ocr_line' id='line_1_27' title="bbox 260 1874 1121 1925; baseline 0.002 -13"><span class='ocrx_word' id='word_1_138' title='bbox 260 1874 431 1913; x_wconf 91' lang='lat' dir='ltr'>Alcinoo</span> <span class='ocrx_word' id='word_1_139' title='bbox 460 1876 612 1913; x_wconf 91' lang='lat' dir='ltr'>nullum</span> <span class='ocrx_word' id='word_1_140' title='bbox 642 1888 762 1925; x_wconf 88' lang='lat' dir='ltr'>poma</span> <span class='ocrx_word' id='word_1_141' title='bbox 791 1874 948 1914; x_wconf 90' lang='lat' dir='ltr'>dedisse</span> <span class='ocrx_word' id='word_1_142' title='bbox 977 1877 1121 1925; x_wconf 89' lang='lat' dir='ltr'>putas?</span> 
     </span>
    </p>
   </div>
   <div class='ocr_carea' id='block_1_5' title="bbox 208 1948 1403 2127">
    <p class='ocr_par' dir='ltr' id='par_1_7' title="bbox 208 1948 1403 2127">
     <span class='ocr_line' id='line_1_28' title="bbox 745 1948 890 1984; baseline 0 0"><span class='ocrx_word' id='word_1_143' title='bbox 745 1948 890 1984; x_wconf 91' lang='lat' dir='ltr'>XLIII</span> 
     </span>
     <span class='ocr_line' id='line_1_29' title="bbox 208 2010 1403 2061; baseline 0 -12"><span class='ocrx_word' id='word_1_144' title='bbox 208 2010 384 2049; x_wconf 86' lang='lat' dir='ltr'>Primum</span> <span class='ocrx_word' id='word_1_145' title='bbox 414 2018 472 2049; x_wconf 87' lang='lat' dir='ltr'>est</span> <span class='ocrx_word' id='word_1_146' title='bbox 502 2018 544 2049; x_wconf 91' lang='lat' dir='ltr'>ut</span> <span class='ocrx_word' id='word_1_147' title='bbox 573 2018 757 2060; x_wconf 87' lang='lat' dir='ltr'>praestes,</span> <span class='ocrx_word' id='word_1_148' title='bbox 789 2010 820 2049; x_wconf 92' lang='lat' dir='ltr'>si</span> <span class='ocrx_word' id='word_1_149' title='bbox 850 2010 947 2061; x_wconf 87' lang='lat' dir='ltr'>quid</span> <span class='ocrx_word' id='word_1_150' title='bbox 976 2018 1026 2058; x_wconf 88' lang='lat' dir='ltr'>te,</span> <span class='ocrx_word' id='word_1_151' title='bbox 1059 2011 1199 2058; x_wconf 89' lang='lat' dir='ltr'>Cinna,</span> <span class='ocrx_word' id='word_1_152' title='bbox 1230 2011 1378 2060; x_wconf 88' lang='lat' dir='ltr'>rogabo</span> <span class='ocrx_word' id='word_1_153' title='bbox 1394 2025 1403 2057; x_wconf 78' lang='lat'>3</span> 
     </span>
     <span class='ocr_line' id='line_1_30' title="bbox 261 2075 1260 2127; baseline 0.001 -14"><span class='ocrx_word' id='word_1_154' title='bbox 261 2075 358 2114; x_wconf 89' lang='lat' dir='ltr'>illud</span> <span class='ocrx_word' id='word_1_155' title='bbox 389 2075 535 2115; x_wconf 91' lang='lat' dir='ltr'>deinde</span> <span class='ocrx_word' id='word_1_156' title='bbox 564 2089 734 2126; x_wconf 84' lang='lat' dir='ltr'>sequens</span> <span class='ocrx_word' id='word_1_157' title='bbox 765 2083 807 2114; x_wconf 89' lang='lat' dir='ltr'>ut</span> <span class='ocrx_word' id='word_1_158' title='bbox 837 2076 929 2125; x_wconf 74' lang='lat' dir='ltr'>cito,</span> <span class='ocrx_word' id='word_1_159' title='bbox 960 2076 1100 2124; x_wconf 88' lang='lat' dir='ltr'>Cinna,</span> <span class='ocrx_word' id='word_1_160' title='bbox 1132 2090 1260 2127; x_wconf 90' lang='lat' dir='ltr'>neges.</span> 
     </span>
    </p>
   </div>
   <div class='ocr_carea' id='block_1_6' title="bbox 208 2179 1541 2440">
    <p class='ocr_par' dir='ltr' id='par_1_8' title="bbox 253 2179 1057 2217">
     <span class='ocr_line' id='line_1_31' title="bbox 253 2179 1057 2217; baseline 0.002 -9"><span class='ocrx_word' id='word_1_161' title='bbox 253 2179 411 2209; x_wconf 91' lang='lat' dir='ltr'>XXXIX</span> <span class='ocrx_word' id='word_1_162' title='bbox 435 2189 453 2217; x_wconf 90' lang='lat'>5</span> <span class='ocrx_word' id='word_1_163' title='bbox 479 2179 550 2210; x_wconf 88' lang='lat' dir='ltr'>uult</span> <span class='ocrx_word' id='word_1_164' title='bbox 567 2180 644 2210; x_wconf 91' lang='lat' dir='ltr'>dum</span> <span class='ocrx_word' id='word_1_165' title='bbox 661 2180 715 2210; x_wconf 72' lang='grc' dir='ltr'>ΒΑ</span> <span class='ocrx_word' id='word_1_166' title='bbox 848 2180 870 2210; x_wconf 87' lang='grc'>6</span> <span class='ocrx_word' id='word_1_167' title='bbox 892 2184 990 2210; x_wconf 87' lang='lat' dir='ltr'>sanat</span> <span class='ocrx_word' id='word_1_168' title='bbox 1009 2179 1057 2209; x_wconf 78' lang='lat' dir='ltr'>CA</span> 
     </span>
    </p>

    <p class='ocr_par' dir='ltr' id='par_1_9' title="bbox 208 2222 1541 2440">
     <span class='ocr_line' id='line_1_32' title="bbox 252 2222 1539 2263; baseline 0 -11"><span class='ocrx_word' id='word_1_169' title='bbox 252 2222 314 2253; x_wconf 91' lang='lat' dir='ltr'>XL</span> <span class='ocrx_word' id='word_1_170' title='bbox 338 2223 411 2253; x_wconf 81' lang='lat' dir='ltr'>lzab.</span> <span class='ocrx_word' id='word_1_171' title='bbox 435 2223 465 2253; x_wconf 88' lang='lat' dir='ltr'><em>T</em></span> <span class='ocrx_word' id='word_1_172' title='bbox 545 2233 564 2253; x_wconf 86' lang='lat'><strong>2</strong></span> <span class='ocrx_word' id='word_1_173' title='bbox 582 2228 725 2262; x_wconf 88' lang='lat' dir='ltr'>utroque</span> <span class='ocrx_word' id='word_1_174' title='bbox 741 2222 797 2253; x_wconf 76' lang='grc' dir='ltr'>ΒΑ</span> <span class='ocrx_word' id='word_1_175' title='bbox 867 2232 887 2261; x_wconf 88' lang='lat'><strong>3</strong></span> <span class='ocrx_word' id='word_1_176' title='bbox 910 2233 977 2262; x_wconf 90' lang='lat' dir='ltr'>que</span> <span class='ocrx_word' id='word_1_177' title='bbox 995 2222 1038 2253; x_wconf 88' lang='lat' dir='ltr'>T:</span> <span class='ocrx_word' id='word_1_178' title='bbox 1064 2233 1164 2263; x_wconf 91' lang='lat' dir='ltr'>quam</span> <span class='ocrx_word' id='word_1_179' title='bbox 1182 2222 1231 2253; x_wconf 76' lang='lat' dir='ltr'>CA</span> <span class='ocrx_word' id='word_1_180' title='bbox 1311 2223 1333 2253; x_wconf 89' lang='lat'><strong>6</strong></span> <span class='ocrx_word' id='word_1_181' title='bbox 1358 2227 1498 2262; x_wconf 82' lang='lat' dir='ltr'>propter</span> <span class='ocrx_word' id='word_1_182' title='bbox 1513 2231 1539 2252; x_wconf 81' lang='lat' dir='ltr'>S.</span> 
     </span>
     <span class='ocr_line' id='line_1_33' title="bbox 214 2264 1541 2306; baseline -0.002 -9"><span class='ocrx_word' id='word_1_183' title='bbox 214 2266 243 2296; x_wconf 87' lang='lat' dir='ltr'><em>T</em></span> <span class='ocrx_word' id='word_1_184' title='bbox 305 2267 413 2297; x_wconf 85' lang='lat' dir='ltr'>denas</span> <span class='ocrx_word' id='word_1_185' title='bbox 433 2266 484 2297; x_wconf 78' lang='lat' dir='ltr'>CA</span> <span class='ocrx_word' id='word_1_186' title='bbox 571 2268 618 2297; x_wconf 86' lang='lat' dir='ltr'>uit</span> <span class='ocrx_word' id='word_1_187' title='bbox 637 2266 685 2297; x_wconf 77' lang='lat' dir='ltr'>CA</span> <span class='ocrx_word' id='word_1_188' title='bbox 703 2270 740 2297; x_wconf 85' lang='lat' dir='ltr'>ut</span> <span class='ocrx_word' id='word_1_189' title='bbox 754 2266 818 2298; x_wconf 79' lang='lat' dir='ltr'>vid.</span> <span class='ocrx_word' id='word_1_190' title='bbox 837 2266 935 2306; x_wconf 82' lang='lat' dir='ltr'>(uidit</span> <span class='ocrx_word' id='word_1_191' title='bbox 951 2266 1051 2304; x_wconf 87' lang='lat' dir='ltr'>EBC,</span> <span class='ocrx_word' id='word_1_192' title='bbox 1070 2266 1153 2296; x_wconf 87' lang='lat' dir='ltr'>uixit</span> <span class='ocrx_word' id='word_1_193' title='bbox 1170 2265 1214 2305; x_wconf 90' lang='lat' dir='ltr'>X,</span> <span class='ocrx_word' id='word_1_194' title='bbox 1234 2265 1318 2296; x_wconf 79' lang='lat' dir='ltr'>uiuit</span> <span class='ocrx_word' id='word_1_195' title='bbox 1332 2264 1454 2305; x_wconf 84' lang='lat' dir='ltr'><em>AGF)</em></span> <span class='ocrx_word' id='word_1_196' title='bbox 1525 2275 1541 2302; x_wconf 87' lang='lat'><strong>7</strong></span> 
     </span>
     <span class='ocr_line' id='line_1_34' title="bbox 209 2308 1540 2349; baseline 0.002 -10"><span class='ocrx_word' id='word_1_197' title='bbox 209 2310 304 2340; x_wconf 80' lang='lat' dir='ltr'>sestiS</span> <span class='ocrx_word' id='word_1_198' title='bbox 320 2316 433 2340; x_wconf 81' lang='lat' dir='ltr'>natum</span> <span class='ocrx_word' id='word_1_199' title='bbox 451 2321 475 2340; x_wconf 89' lang='lat' dir='ltr'>r.</span> <span class='ocrx_word' id='word_1_200' title='bbox 494 2315 527 2341; x_wconf 85' lang='lat' dir='ltr'>te</span> <span class='ocrx_word' id='word_1_201' title='bbox 546 2309 595 2340; x_wconf 79' lang='lat' dir='ltr'>CA</span> <span class='ocrx_word' id='word_1_202' title='bbox 707 2310 805 2341; x_wconf 89' lang='lat' dir='ltr'>XLII</span> <span class='ocrx_word' id='word_1_203' title='bbox 829 2310 905 2341; x_wconf 79' lang='lat' dir='ltr'>hab.</span> <span class='ocrx_word' id='word_1_204' title='bbox 928 2309 958 2340; x_wconf 90' lang='lat' dir='ltr'><em>T</em></span> <span class='ocrx_word' id='word_1_205' title='bbox 1008 2309 1094 2341; x_wconf 88' lang='lat' dir='ltr'>Cum</span> <span class='ocrx_word' id='word_1_206' title='bbox 1110 2308 1199 2339; x_wconf 93' lang='lat' dir='ltr'>XLI</span> <span class='ocrx_word' id='word_1_207' title='bbox 1213 2309 1307 2349; x_wconf 86' lang='lat' dir='ltr'>confl.</span> <span class='ocrx_word' id='word_1_208' title='bbox 1325 2308 1374 2340; x_wconf 70' lang='lat' dir='ltr'>CA</span> <span class='ocrx_word' id='word_1_209' title='bbox 1392 2311 1474 2348; x_wconf 86' lang='lat' dir='ltr'>(non</span> <span class='ocrx_word' id='word_1_210' title='bbox 1490 2308 1540 2346; x_wconf 67' lang='lat' dir='ltr'>A&gt;</span> 
     </span>
     <span class='ocr_line' id='line_1_35' title="bbox 208 2351 1541 2394; baseline -0.001 -11"><span class='ocrx_word' id='word_1_211' title='bbox 208 2364 227 2383; x_wconf 89' lang='lat'>2</span> <span class='ocrx_word' id='word_1_212' title='bbox 252 2354 375 2384; x_wconf 84' lang='lat' dir='ltr'>audeat</span> <span class='ocrx_word' id='word_1_213' title='bbox 391 2353 461 2393; x_wconf 88' lang='lat' dir='ltr'>hic]</span> <span class='ocrx_word' id='word_1_214' title='bbox 486 2353 623 2385; x_wconf 86' lang='lat' dir='ltr'>audebit</span> <span class='ocrx_word' id='word_1_215' title='bbox 639 2354 692 2384; x_wconf 67' lang='lat' dir='ltr'>BA</span> <span class='ocrx_word' id='word_1_216' title='bbox 719 2354 753 2394; x_wconf 60' lang='lat' dir='ltr'>&lt;b</span> <span class='ocrx_word' id='word_1_217' title='bbox 764 2359 827 2394; x_wconf 83' lang='lat' dir='ltr'>pro</span> <span class='ocrx_word' id='word_1_218' title='bbox 839 2354 877 2394; x_wconf 88' lang='lat' dir='ltr'>h)</span> <span class='ocrx_word' id='word_1_219' title='bbox 968 2363 987 2392; x_wconf 85' lang='lat'>5</span> <span class='ocrx_word' id='word_1_220' title='bbox 1013 2353 1149 2384; x_wconf 83' lang='lat' dir='ltr'>dederis</span> <span class='ocrx_word' id='word_1_221' title='bbox 1164 2353 1218 2383; x_wconf 78' lang='grc' dir='ltr'>ΒΑ</span> <span class='ocrx_word' id='word_1_222' title='bbox 1325 2352 1442 2383; x_wconf 90' lang='lat' dir='ltr'>XLIII</span> <span class='ocrx_word' id='word_1_223' title='bbox 1466 2351 1541 2383; x_wconf 82' lang='lat' dir='ltr'>hab.</span> 
     </span>
     <span class='ocr_line' id='line_1_36' title="bbox 208 2395 1430 2440; baseline 0 -13"><span class='ocrx_word' id='word_1_224' title='bbox 208 2396 242 2427; x_wconf 83' lang='lat' dir='ltr'><em>R</em></span> <span class='ocrx_word' id='word_1_225' title='bbox 332 2406 346 2427; x_wconf 85' lang='lat'>1</span> <span class='ocrx_word' id='word_1_226' title='bbox 373 2397 486 2428; x_wconf 90' lang='lat' dir='ltr'>Primo</span> <span class='ocrx_word' id='word_1_227' title='bbox 505 2397 554 2428; x_wconf 72' lang='lat' dir='ltr'>CA</span> <span class='ocrx_word' id='word_1_228' title='bbox 643 2408 772 2437; x_wconf 85' lang='lat' dir='ltr'>rogauo</span> <span class='ocrx_word' id='word_1_229' title='bbox 791 2397 823 2440; x_wconf 76' lang='lat' dir='ltr'>(i.</span> <span class='ocrx_word' id='word_1_230' title='bbox 834 2408 856 2429; x_wconf 87' lang='lat' dir='ltr'>e.</span> <span class='ocrx_word' id='word_1_231' title='bbox 877 2397 949 2438; x_wconf 83' lang='lat' dir='ltr'>-bo)</span> <span class='ocrx_word' id='word_1_232' title='bbox 968 2397 1021 2427; x_wconf 73' lang='grc' dir='ltr'>ΒΑ</span> <span class='ocrx_word' id='word_1_233' title='bbox 1040 2399 1178 2437; x_wconf 76' lang='lat' dir='ltr'>&lt;rogaro</span> <span class='ocrx_word' id='word_1_234' title='bbox 1195 2396 1278 2437; x_wconf 63' lang='lat'>917,</span> <span class='ocrx_word' id='word_1_235' title='bbox 1298 2400 1369 2428; x_wconf 88' lang='lat' dir='ltr'>-ato</span> <span class='ocrx_word' id='word_1_236' title='bbox 1385 2395 1430 2436; x_wconf 85' lang='lat' dir='ltr'>P)</span> 
     </span>
    </p>
   </div>
  </div>
 </body>
</html>
