1648 2729
199 113 256 149 M.
287 112 409 149 VAL.
443 113 758 152 MARTIALIS

198 237 271 262 nec
301 224 582 262 dormitantem
610 238 771 263 vernam
801 225 981 264 fraudare
1010 226 1170 265 lucerna

252 285 407 325 erubuit
437 287 561 334 fallax,
593 288 728 325 ardeat
757 286 822 325 illa
850 287 951 326 licet.

198 351 229 390 si
259 351 357 389 nihil
386 351 537 398 invasit,
570 365 735 402 puerum
766 360 861 391 tunc
889 360 971 391 arte
1000 353 1140 391 dolosa

252 416 389 455 circuit
419 425 457 455 et
486 418 612 456 soleas
642 417 808 467 subripit
837 417 921 467 ipse
950 431 1050 456 suas.

725 506 797 542 LX

146 611 149 613 .
199 577 363 614 Summa
393 575 559 613 Palatini
589 583 744 625 poteras
774 589 943 626 aequare
973 576 1141 623 Colossi,

253 640 284 678 si
314 641 425 679 fieres
456 640 621 688 brevior,
654 640 834 688 Claudia,
866 640 1113 691 sesquipede.

712 724 808 761 LXI

201 793 313 831 Livet
343 793 551 840 Charinus,
582 793 786 843 rumpitur,
818 793 919 841 furit,
951 795 1078 844 plorat

200 867 238 897 et
267 859 418 908 quaerit
446 861 545 897 altos
575 860 682 898 unde
711 860 884 909 pendeat
912 873 1066 898 ramos:

201 937 282 963 non
312 924 389 962 iam
421 925 530 974 quod
559 925 654 963 orbe
684 932 821 963 cantor
849 933 888 963 et
916 926 1024 975 legor
1053 933 1148 972 totO,

201 1003 274 1028 nec
303 989 500 1027 umbilicis
529 990 639 1040 quod
668 991 835 1028 decorus
865 997 903 1028 et
931 991 1051 1029 cedro

201 1068 361 1105 spargor
389 1068 458 1104 per
487 1068 626 1093 omnes
657 1056 788 1093 Roma
817 1068 914 1105 quas
944 1063 1052 1094 tenet
1080 1063 1241 1105 gentes:
1517 1072 1535 1103 5

203 1121 273 1158 sed
302 1121 411 1169 quod
442 1120 515 1157 sub
545 1120 641 1158 urbe
671 1133 734 1158 rus
764 1120 957 1158 habemus
987 1120 1179 1159 aestivum
1427 1115 1431 1119 ⁴

202 1184 460 1234 vehimurque
490 1184 605 1223 mulis
635 1198 716 1223 non
746 1193 788 1223 ut
817 1193 908 1224 ante
937 1185 1156 1224 conductis.

204 1249 313 1299 Quid
343 1249 586 1300 inprecabor,
618 1263 642 1288 o
672 1251 824 1298 Severe,
857 1250 1020 1289 liventi?

203 1317 279 1354 hoc
309 1323 427 1365 opto:
467 1316 593 1353 mulas
623 1315 767 1353 habeat
796 1323 835 1353 et
864 1316 1147 1354 suburbanum.

701 1398 820 1435 LXII

204 1467 345 1506 Scribit
375 1467 414 1505 in
443 1481 578 1506 aversa
607 1467 748 1506 Picens
778 1467 1060 1518 epigrammata
1088 1469 1231 1515 charta,

259 1540 296 1571 et
326 1534 434 1571 dolet
463 1546 599 1571 averso
629 1534 738 1583 quod
769 1533 860 1571 facit
889 1533 955 1572 illa
983 1535 1071 1572 deo.

702 1622 838 1659 LXIV

313 1693 367 1729 Vt
396 1705 548 1742 poscaS,
581 1693 705 1741 Clyte,
737 1705 881 1730 munus
911 1692 1134 1742 exigasque,

312 1770 393 1795 uno
422 1756 592 1795 nasceris
621 1756 772 1795 octiens
801 1757 841 1795 in
869 1770 976 1795 anno

313 1830 352 1861 et
381 1824 494 1870 solas,
526 1830 634 1872 puto,
665 1830 791 1861 tresve
821 1830 1055 1872 quattuorve

314 1900 394 1925 non
424 1887 624 1926 natalicias
653 1888 777 1926 habes
808 1889 1022 1926 Kalendas,

315 1952 363 1990 sit
392 1954 521 1991 vultus
551 1952 622 1991 tibi
651 1952 773 1991 levior
801 1952 936 1992 licebit
1523 1968 1541 1998 5

315 2017 412 2056 tritis
441 2017 563 2056 litoris
592 2018 690 2057 aridi
719 2018 871 2069 lapillis,

254 2133 264 2152 1
277 2133 288 2152 1
309 2123 481 2153 lucernam
500 2122 549 2153 CA
641 2133 679 2153 12
703 2123 805 2153 ardea
824 2121 874 2152 CA
958 2131 996 2160 14
1021 2121 1172 2152 circumit
1191 2120 1240 2152 CA

254 2167 315 2197 LX
338 2167 411 2197 hal).
431 2165 464 2195 R
553 2177 572 2196 2
596 2166 834 2206 sesquipedem
855 2166 984 2205 (sexq-‘x
1000 2164 1057 2194 BA

255 2211 331 2241 LXI
358 2222 377 2248 4
401 2210 577 2240 umbilicus
602 2209 652 2240 CA
748 2219 767 2248 5
791 2219 854 2248 per
880 2220 945 2240 om,
972 2209 1028 2239 ΒΑ
1117 2214 1196 2239 tene
1222 2207 1272 2238 CA
1296 2212 1333 2238 ut
1354 2207 1418 2238 vid.
1524 2217 1541 2246 7

210 2260 243 2284 ut
255 2265 320 2285 0171.
338 2253 393 2283 ΒΑ
453 2254 473 2283 8
497 2253 805 2293 imprecamurBA:
830 2253 1031 2294 inprecabor
1045 2251 1095 2283 CA
1139 2251 1273 2289 Vlibenti
1289 2251 1340 2281 CA
1443 2250 1540 2281 LXII

210 2309 228 2327 2
253 2298 348 2338 facit]
371 2298 467 2327 decet
483 2296 512 2326 L
778 2296 890 2327 LXIV
913 2307 962 2326 vv.
985 2297 1057 2330 1-6,
1073 2296 1149 2335 8-9,
1177 2296 1282 2326 12-18
1305 2295 1378 2326 hab.
1411 2294 1440 2325 T
1523 2304 1543 2333 3

210 2348 322 2371 tresue
346 2346 571 2379 quattuorque
601 2339 631 2370 T
649 2340 729 2380 (pro
752 2344 888 2380 tresque
916 2344 1141 2380 quattuorque
1152 2338 1181 2380 '?)
1337 2340 1358 2369 6
1381 2337 1467 2369 tristi
1495 2337 1544 2368 CA

212 2385 295 2415 aridi
321 2384 395 2416 Ital.
414 2396 421 2415 ε
446 2384 548 2414 aridis
565 2384 682 2414 ΑΑΒΑ
699 2395 706 2415 :
729 2385 823 2414 aride
843 2382 892 2413 CA
