1648 2729
744 181 1213 221 EPIGRAMMATON
1246 184 1350 221 LIB.
1381 185 1418 221 X

86 301 158 326 nec
187 289 400 327 calculator
428 303 502 328 nec
531 289 706 329 notarius
734 292 848 329 velox

85 352 231 392 maiore
261 353 469 404 quisquam
499 354 646 394 circulo
675 364 894 395 coronetur.
1400 378 1416 408 5

83 418 197 457 albae
226 420 341 457 leone
370 421 556 458 flammeo
585 422 714 459 calent
743 423 850 460 luces

84 491 308 534 tostamque
336 486 490 524 fervens
520 485 644 524 Iulius
674 486 809 536 coquit
838 500 1018 526 messem.

83 549 221 588 cirrata
249 549 340 588 loris
368 550 536 589 horridis
565 552 733 601 Scythae
761 551 884 602 pellis,

83 628 161 665 qua
189 615 387 666 vapulavit
417 617 595 666 Marsyas
626 618 881 665 Celaenaeus,

83 682 307 732 ferulaeque
337 681 475 729 tristes,
507 689 661 732 sceptra
689 684 1019 734 paedagogorum,
1382 702 1419 724 10

82 754 238 785 cessent
267 754 305 785 et
335 748 432 786 Idus
462 747 660 786 dormiant
689 747 729 786 in
760 749 979 787 Octobres:

82 819 230 851 aestate
259 812 369 863 pueri
399 812 430 851 si
459 814 600 860 valent,
633 813 725 852 satis
755 813 923 852 discunt.

586 903 698 939 LXV

191 963 295 1002 Cum
325 971 362 1002 te
393 963 634 1014 municipem
665 963 961 1003 Corinthiorum

190 1028 321 1076 iactes,
354 1028 634 1075 Charmenion,
665 1036 834 1079 negante
864 1031 983 1076 nullo,

189 1107 258 1132 cur
286 1095 401 1132 frater
430 1093 501 1132 tibi
530 1093 651 1141 dicor,
682 1108 729 1132 ex
760 1094 921 1132 Hiberis

189 1167 228 1197 et
258 1158 380 1198 Celtis
409 1158 564 1209 genitus
593 1159 772 1209 Tagique
802 1159 934 1198 civis?

190 1226 255 1262 An
284 1225 393 1262 voltu
424 1223 570 1262 similes
600 1224 780 1263 videmur
809 1226 926 1264 esse?
1401 1243 1417 1273 5

190 1297 230 1327 tu
261 1290 361 1327 flexa
389 1288 537 1328 nitidus
566 1303 682 1328 coma
710 1290 870 1340 vagaris,

191 1354 383 1405 Hispanis
412 1368 486 1404 ego
513 1362 727 1393 contumax
755 1354 932 1405 capillis3

189 1420 284 1458 levis
314 1421 486 1469 dropace
516 1427 557 1458 tu
587 1419 801 1467 cotidiano,

189 1485 347 1523 hirsutis
376 1499 449 1535 ego
479 1486 656 1523 cruribus
685 1485 875 1536 genisque
890 1500 900 1533 ,-

190 1565 233 1589 os
262 1551 441 1589 blaesum
470 1550 541 1589 tibi
570 1551 792 1601 debilisque
819 1550 952 1601 lingua
980 1558 1050 1598 est,
1382 1568 1420 1589 10

190 1615 305 1654 nobis
335 1616 414 1654 filia
442 1615 579 1654 fortius
609 1618 814 1666 loquetur:

190 1690 270 1720 tam
299 1682 432 1733 dispar
459 1682 614 1732 aquilae
643 1683 831 1721 columba
858 1696 940 1721 non
969 1689 1028 1721 est

190 1761 264 1786 nec
293 1748 432 1786 dorcas
461 1747 586 1797 rigido
615 1748 732 1797 fugax
760 1746 876 1786 leoni.

192 1813 325 1861 Quare
354 1812 493 1851 desine
522 1826 586 1851 me
615 1826 756 1851 vocare
784 1813 954 1859 fratrem,

190 1891 240 1916 ne
269 1885 318 1925 te,
352 1869 631 1925 Charmenion‚
663 1891 803 1916 vocem
833 1890 1018 1916 sororem.
1382 1891 1419 1925 15

569 1967 702 2003 LXVI

85 2028 196 2077 Quis,
227 2042 333 2078 rogo,
365 2035 446 2066 tam
476 2029 608 2075 durus,
641 2028 728 2078 quis
758 2035 838 2066 tam
868 2026 941 2065 fuit
970 2026 1034 2065 ille
1065 2027 1257 2077 superbus

137 2093 205 2144 qui
234 2093 346 2132 iussit
374 2093 457 2132 fieri
486 2101 535 2140 te,
567 2094 843 2144 Theopompe,
875 2093 1050 2131 cocum?

83 2160 186 2198 hanc
214 2158 355 2209 aliquis
383 2158 524 2197 faciem
554 2158 664 2209 nigra
691 2158 837 2197 violare
865 2157 998 2196 culina

138 2225 315 2272 sustinet,
345 2226 416 2263 has
446 2232 567 2275 uncto
596 2223 736 2274 polluit
765 2223 855 2274 igne
884 2224 1051 2262 comas?

130 2329 226 2359 LXII
252 2337 425 2360 vv.10-11
451 2327 524 2359 hab.
551 2328 581 2359 T

133 2373 224 2403 LXV
248 2383 278 2410 2,
296 2382 333 2411 15
352 2372 546 2402 carmenion
564 2371 630 2403 cod.
769 2381 804 2401 11
833 2370 944 2402 fistula
958 2369 1180 2402 Schneidewin
1315 2380 1352 2410 15
1377 2381 1419 2401 ne

85 2416 159 2447 Ital.
177 2428 184 2447 ε
209 2426 272 2446 nec
289 2415 354 2447 cod.

132 2460 241 2490 LXVI
267 2459 340 2491 lmb.
358 2459 390 2489 R
479 2470 498 2498 4
523 2459 641 2498 palluit
658 2459 690 2488 R
781 2458 836 2489 ille
853 2457 934 2490 AA:
961 2458 1040 2496 igne
1056 2457 1111 2487 BA
