1648 2729
687 169 1157 208 EPIGRAMMATON
1188 170 1292 207 LIB.
1324 171 1407 208 XII

554 281 714 318 LXXII

75 362 216 411 Iugera
245 368 438 400 mercatus
468 375 591 412 prope
621 362 736 400 busta
765 361 921 400 latentis
951 362 1065 412 agelli

127 436 166 465 et
195 428 297 465 male
325 434 556 477 compactae
584 426 758 465 culmina
786 428 884 465 fulta
912 441 1036 474 casae,

73 491 221 530 deseris
250 492 431 540 urbanas,
463 500 530 530 tua
558 492 729 542 praedia,
762 494 987 542 Pannyche,
1018 492 1104 531 lites

127 570 325 607 parvaque
354 558 424 595 sed
453 557 565 595 tritae
593 557 768 608 praemia
796 565 902 596 certa
931 565 1055 609 togae.

75 624 345 669 Frumentum,
377 622 529 660 milium
558 622 807 673 tisanamque
835 624 1048 673 fabamque
1078 624 1232 662 solebas
1391 638 1407 668 5

127 689 298 726 vendere
327 687 602 738 pragmaticus,
633 702 740 727 nunc
770 688 868 727 emis
897 688 1077 739 agricola.

541 817 723 854 LXXIII

183 904 387 941 Heredem
417 903 488 941 tibi
519 917 592 950 me,
627 905 792 951 Catulle,
825 903 933 942 dicis.

180 980 261 1005 non
290 969 460 1015 credam,
493 968 568 1006 nisi
597 970 738 1018 legem,
770 969 936 1008 Catulle.

544 1107 721 1144 LXXIV

74 1195 181 1230 Dum
212 1192 282 1231 tibi
312 1192 489 1231 Niliacus
519 1201 649 1243 portat
677 1195 856 1243 crystalla
884 1197 1071 1245 cataplus,

125 1257 261 1309 accipe
290 1259 341 1297 de
369 1258 474 1297 circo
504 1260 648 1309 pocula
677 1259 883 1299 Flaminio.

74 1323 130 1361 Hi
159 1323 282 1373 magis
311 1325 493 1372 audaces,
524 1338 575 1362 an
604 1332 696 1362 sunt
725 1325 792 1374 qui
821 1325 913 1363 talia
941 1325 1103 1364 mittunt

125 1390 318 1427 munera?
368 1391 447 1428 Sed
475 1390 641 1439 gemmis
669 1390 812 1428 vilibus
841 1404 934 1429 usus
963 1391 1088 1430 inest:

72 1455 225 1492 nullum
255 1454 467 1493 sollicitant
496 1456 604 1502 haec,
638 1457 789 1503 Haece,
822 1464 1042 1495 toreumata
1070 1458 1195 1495 furem

127 1528 166 1558 et
195 1519 362 1558 nimium
392 1519 530 1559 calidis
560 1534 642 1559 non
671 1520 857 1559 vitiantur
885 1521 1009 1571 aquis.

73 1584 170 1635 quid
199 1586 309 1635 quod
338 1599 476 1624 securo
506 1594 617 1636 potat
646 1586 813 1625 conviva
842 1587 1020 1626 ministro

127 1658 165 1689 et
194 1664 329 1689 casum
359 1653 549 1690 tremulae
577 1665 660 1690 non
689 1651 855 1691 timuere
885 1655 1058 1691 manus?

76 1717 168 1754 Hoc
197 1729 358 1766 quoque
386 1730 468 1755 non
497 1716 595 1754 nihil
624 1725 693 1764 est,
726 1719 835 1766 quod
864 1717 1094 1768 propinabis
1123 1717 1163 1756 in
1193 1717 1286 1758 istis.

127 1782 366 1831 frangendus
396 1781 511 1820 fuerit
539 1781 571 1820 si
600 1781 682 1830 tibi,
716 1784 867 1831 Flacce‚
900 1783 1009 1821 calix.
1371 1800 1410 1821 10

546 1921 721 1959 LXXVI

75 2003 281 2053 Amphora
309 2002 464 2052 vigesis,
493 2002 652 2041 modius
681 2004 796 2041 datur
824 2017 913 2042 aere
943 2012 1146 2054 quaterno.

128 2067 259 2107 ebrius
289 2076 328 2107 et
356 2069 501 2106 crudus
530 2067 586 2106 nil
614 2068 736 2106 habet
764 2068 944 2118 agricola.

121 2170 252 2201 LXXII
277 2182 327 2203 vv.
355 2173 421 2211 5-6
444 2171 519 2203 hab.
555 2172 586 2202 T
668 2183 688 2202 2
712 2178 907 2212 compactae
931 2172 1007 2204 BA:
1043 2178 1199 2212 comptae
1228 2173 1277 2204 CA
1306 2174 1409 2215 (com-

76 2215 207 2254 positae
244 2213 285 2253 V)
448 2226 468 2254 3
492 2215 622 2249 urbana
653 2216 708 2246 BA
861 2228 880 2255 4
904 2222 984 2247 sunt
1007 2216 1084 2248 BA:
1110 2218 1171 2247 sed
1198 2217 1246 2247 CA
1335 2227 1410 2248 rara

75 2258 154 2289 BA:
178 2264 270 2289 certa
296 2258 346 2289 CA
434 2261 454 2288 6
478 2259 707 2299 pragmaticos
727 2259 776 2290 CA
990 2260 1141 2290 LXXIII
1168 2272 1186 2290 2
1211 2261 1314 2291 credo
1331 2261 1408 2291 BA:

76 2303 212 2333 credam
230 2302 279 2333 CA
693 2303 839 2334 LXXIV
862 2315 881 2342 4
906 2304 1052 2342 geminis
1081 2303 1241 2342 (PXAV,
1261 2304 1340 2345 alii)
1361 2305 1409 2344 (in

71 2351 134 2385 pro
149 2347 210 2384 ml,
230 2345 317 2377 unde
333 2346 488 2385 geminus
507 2347 667 2377 Gruterus
750 2347 888 2377 utilibus
906 2347 955 2377 CA
1078 2358 1095 2387 7
1119 2348 1200 2386 quid
1217 2348 1325 2388 quod]
1345 2359 1410 2379 nec

77 2389 164 2420 male
180 2390 217 2420 N
310 2390 330 2419 8
356 2400 418 2420 nec
436 2400 462 2420 e.
481 2395 520 2421 tr.
539 2391 747 2430 pertimuere
763 2390 801 2421 N
901 2402 923 2430 9
945 2401 1082 2431 quoquo
1100 2391 1196 2429 (EA)
1213 2392 1264 2422 vel
1277 2402 1411 2432 quoque

79 2432 127 2463 CA
349 2433 495 2464 LXXVI
520 2433 594 2465 hab.
621 2434 652 2465 T
739 2445 749 2464 ι
779 2435 908 2465 nicenis
919 2435 1000 2466 AA:
1025 2435 1133 2474 uigesi
1152 2434 1181 2465 G
