1648 2729
187 172 243 208 M.
276 171 398 207 VAL.
433 168 749 207 MARTIALIS

189 279 306 316 mella
333 277 448 316 iubes
479 277 664 327 Hyblaea
693 275 764 315 tibi
793 277 854 314 vel
885 274 1093 325 Hymettia
1122 274 1241 322 nasei,

242 350 281 381 et
310 343 446 393 thyma
475 341 693 392 Cecropiae
723 340 886 381 Corsica
913 340 1029 391 ponis
1058 340 1150 391 api!

675 430 814 466 XLIV

190 495 321 535 Orbus
351 508 392 533 es
422 502 460 533 et
489 495 665 544 locuples
695 501 733 532 et
763 496 886 532 Bruto
915 494 1079 532 consule
1109 500 1247 532 natus:

243 573 329 599 esse
359 559 430 599 tibi
459 573 569 598 veras
598 559 725 598 credis
755 558 978 597 amicitias?

190 634 281 664 sunt
310 639 434 672 verae,
467 625 537 664 sed
567 638 665 675 quas
694 623 859 672 iuvenis,
889 637 987 674 quas
1016 637 1167 674 pauper
1195 623 1381 662 habebas.

245 691 311 741 qui
341 704 467 729 novus
497 698 565 737 est,
598 697 767 728 mortem
797 689 923 739 diligit
951 689 1016 728 ille
1046 696 1166 728 tuam.

659 772 842 810 XLVIII

191 840 307 879 Silius
336 840 436 877 haec
465 837 597 888 magni
626 837 799 876 celebrat
828 835 1075 875 monimenta
1105 835 1297 882 Maronis,

244 906 377 955 iugera
404 903 565 942 facundi
595 902 663 953 qui
693 902 896 942 Ciceronis
926 902 1056 941 habet.

192 972 379 1010 heredem
410 970 700 1019 dominumque
730 968 789 1007 sui
819 968 1010 1006 tumulive
1038 967 1177 1006 larisve

246 1050 324 1075 non
355 1036 477 1075 alium
507 1036 641 1073 mallet
670 1048 743 1073 nec
774 1035 889 1072 Maro
919 1047 994 1072 nec
1024 1032 1175 1073 Cicero.

633 1118 771 1155 XLIX
802 1115 869 1168 (L)

194 1186 313 1223 Nulla
343 1192 402 1223 est
430 1184 528 1222 hora
555 1182 627 1221 tibi
656 1196 734 1232 qua
763 1195 843 1220 non
875 1195 950 1228 me,
982 1180 1120 1231 Phylli,
1153 1181 1348 1219 furentem

245 1249 466 1300 despolies:
506 1256 615 1286 tanta
644 1247 857 1286 calliditate
886 1246 1000 1296 rapis.

193 1329 299 1354 nunc
328 1316 455 1365 plorat
484 1314 647 1364 speculo
676 1314 792 1351 fallax
820 1312 963 1351 ancilla
990 1311 1141 1359 relicto,

247 1394 405 1430 gemma
433 1381 495 1418 vel
524 1393 547 1417 a
576 1378 700 1429 digito
730 1379 791 1416 vel
821 1377 928 1416 cadit
956 1391 1050 1415 aure
1079 1376 1205 1427 lapis;

194 1460 299 1484 nunc
327 1445 469 1484 furtiva
496 1444 593 1483 lucri
622 1443 704 1482 fieri
732 1443 974 1492 bombycina
1005 1450 1183 1492 possunt,
1514 1454 1532 1486 5

248 1513 441 1562 profertur
469 1509 607 1550 Cosmi
636 1523 743 1548 nunc
772 1509 870 1547 mihi
899 1508 1025 1547 siccus
1055 1521 1182 1558 onyx3

193 1579 385 1627 amphora
413 1590 521 1614 nunc
549 1575 694 1626 petitur
722 1574 820 1624 nigri
849 1573 998 1613 cariosa
1028 1573 1196 1620 Falerni,

247 1641 376 1692 expiet
406 1649 449 1679 ut
478 1654 640 1679 somnos
668 1641 820 1690 garrula
848 1653 939 1690 saga
967 1647 1056 1677 tuos
1070 1654 1079 1687 3

195 1722 300 1746 nunc
330 1716 372 1745 ut
401 1720 531 1746 emam
560 1707 799 1756 grandemve
827 1707 965 1755 lupum
995 1705 1211 1742 mullumve
1240 1703 1434 1750 bilibrem,

248 1773 388 1811 indixit
417 1785 556 1811 cenam
586 1771 695 1810 dives
724 1770 852 1809 amica
880 1770 962 1808 tibi.
1494 1783 1532 1805 10

195 1840 252 1879 Sit
281 1841 410 1890 pudor
438 1847 477 1877 et
505 1839 667 1876 tandem
696 1837 776 1876 veri
805 1845 1005 1886 respectus
1035 1843 1074 1874 et
1102 1834 1242 1885 aequi:

250 1905 303 1943 nil
333 1904 414 1952 tibi,
448 1903 585 1954 Phylli,
618 1917 719 1953 nego
738 1917 748 1951 3
785 1902 839 1940 nil
874 1901 981 1949 mihi,
1013 1901 1151 1951 Phylli,
1185 1914 1294 1951 nega.

640 1993 673 2029 L
702 1991 872 2041 (XLIX)

198 2066 282 2102 Iam
313 2077 436 2114 prope
465 2063 641 2101 desertos
670 2061 820 2100 cineres
850 2068 888 2100 et
917 2068 1054 2099 sancta
1083 2059 1261 2098 Maronis

251 2129 414 2167 nomina
442 2128 510 2178 qui
539 2129 684 2166 coleret
714 2140 864 2177 pauper
893 2134 932 2165 et
961 2139 1064 2164 unus
1097 2132 1190 2164 erat.

241 2233 338 2263 XLII
365 2245 384 2272 4
408 2233 459 2273 et]
477 2243 518 2263 ea
541 2232 571 2262 T
884 2230 998 2262 XLIV
1020 2230 1091 2260 hab.
1117 2229 1148 2259 T
1230 2239 1250 2268 3
1273 2226 1394 2268 uerae]
1411 2227 1484 2257 iure
1508 2226 1538 2256 T

198 2277 345 2307 XLVIII
371 2288 391 2316 3
415 2277 601 2316 tumulique
619 2275 746 2306 larisue
764 2274 813 2306 CA
975 2273 1093 2304 XLIX
1115 2283 1164 2303 vv.
1188 2274 1261 2311 1-6‚
1280 2281 1385 2302 11—12
1409 2269 1483 2302 hab.
1508 2269 1539 2300 T

197 2331 216 2350 2
240 2321 402 2360 dispolias
423 2320 484 2349 ΑΑ
502 2332 510 2351 z
533 2319 705 2358 despolies
727 2318 834 2350 BACA
966 2318 986 2347 8
1011 2327 1132 2347 somno
1148 2315 1205 2346 BA
1335 2325 1375 2345 10
1397 2319 1431 2345 et
1448 2314 1533 2344 dixit

198 2364 253 2394 BA
278 2370 351 2404 (pro
375 2364 534 2402 edixim:
558 2363 681 2394 indixit
706 2361 757 2393 CA
910 2371 949 2392 12
974 2361 1089 2400 Phylli
1112 2360 1188 2400 alt.]
1214 2358 1331 2399 phylle
1358 2358 1408 2389 CA
1432 2359 1475 2393 (et
1496 2357 1531 2387 in

196 2409 306 2439 lemm.
322 2418 370 2438 AD
387 2408 544 2446 PYLLVM)
809 2405 835 2435 L
852 2415 918 2436 om.
936 2404 993 2434 BA
1006 2404 1113 2444 (Idem
1130 2404 1256 2434 lemma
1271 2406 1369 2442 atque
1384 2400 1530 2432 XLVIII

197 2451 348 2482 habuisse
358 2451 496 2492 videtur)
513 2462 520 2482 :
538 2454 616 2491 post
626 2449 773 2481 XLVIII
787 2448 966 2488 Ital.‚f0rt.
981 2452 1056 2478 recte
