1648 2729
197 121 253 156 M.
285 119 409 155 VAL.
441 117 757 156 MARTIALIS

734 231 772 267 V

198 301 362 340 Rustica
391 308 586 339 mercatus
617 300 748 338 multis
778 313 865 338 sum
896 299 1057 350 praedia
1086 299 1283 338 nummis:

251 374 387 405 mutua
416 367 486 405 des
517 373 689 413 centum,
723 364 959 412 caeciliane,
991 378 1097 415 rogo.

196 432 249 471 nil
280 432 376 470 mihi
406 432 654 481 respondes?
709 430 893 469 Taciturn
924 438 962 469 te
991 430 1122 469 dicere
1151 431 1270 469 credo

252 499 369 536 ‘Non
398 498 540 536 reddes
558 498 591 535 ²:
630 496 733 544 ideo,
765 495 1002 543 Caeciliane,
1032 486 1138 546 rogo.

726 596 786 632 VI

197 667 395 708 Comoedi
424 674 500 705 tres
530 673 632 712 sunt,
663 666 734 704 sed
762 672 869 703 amat
898 672 966 703 tua
995 665 1127 712 Paula,
1160 666 1350 715 Luperce,

251 741 462 783 quattuor:
501 739 540 770 et
570 732 696 780 κωφὸν
726 732 848 769 Paula
876 731 1080 780 πρόσωπον
1107 737 1224 768 amat.

709 825 815 862 VIII

306 905 509 941 Praetores
539 902 632 949 duo,
664 908 849 950 quattuor
878 899 1034 947 tribuni,

306 975 458 1018 septem
488 965 688 1013 causidici,
720 967 859 1004 decem
887 973 1031 1016 poetae

305 1033 512 1072 cuiusdam
542 1032 664 1070 modo
693 1030 849 1080 nuptias
877 1030 1067 1081 petebant

305 1112 329 1137 a
357 1099 533 1148 quodam
562 1110 667 1135 sene.
728 1098 821 1135 Non
851 1103 1025 1134 moratus
1054 1095 1118 1133 ille

306 1163 492 1214 praeconi
521 1162 631 1201 dedit
661 1163 815 1212 Eulogo
844 1163 1028 1212 puellam.
1517 1175 1534 1206 5

309 1229 395 1276 Dic,
428 1227 625 1278 numquid
652 1229 770 1274 fatue,
800 1228 953 1274 Severe,
983 1226 1105 1264 fecit?

731 1316 792 1353 IX

201 1397 247 1433 In
280 1393 525 1444 Pompeiano
554 1392 714 1439 dormis,
746 1391 929 1438 Laevine,
961 1391 1141 1429 theatro:

254 1469 292 1498 et
322 1459 494 1510 quereris
524 1458 557 1497 si
586 1465 624 1497 te
654 1457 816 1496 suscitat
846 1457 1064 1496 Oceanus?

739 1563 777 1599 X

202 1637 334 1673 Pauca
364 1636 502 1673 Iovem
532 1646 658 1683 nuper
686 1646 777 1671 curn
808 1631 915 1670 milia
943 1632 1043 1670 forte
1076 1644 1264 1681 rogarem,

259 1701 356 1738 ‘Ille
386 1699 519 1738 dabit’
550 1698 646 1736 dixit
679 1697 769 1747 ‘qui
800 1697 896 1735 mihi
925 1698 1073 1746 templa
1103 1696 1240 1734 dedit.'

201 1767 370 1816 Templa
400 1764 562 1815 quidem
592 1763 703 1802 dedit
732 1763 796 1801 ille
828 1762 914 1800 Iovi
943 1763 1013 1800 sed
1043 1761 1150 1799 milia
1179 1760 1293 1799 nobis

256 1834 363 1870 nulla
392 1830 525 1870 dedit:
565 1831 700 1880 pudet,
731 1830 792 1876 ah,
826 1842 952 1878 pauca
981 1841 1137 1878 rogasse
1168 1828 1317 1865 Iovem.

200 1906 238 1936 at
269 1910 387 1947 quam
418 1910 499 1935 non
528 1894 700 1942 tetricus,
731 1908 850 1944 quam
880 1895 988 1932 nulla
1015 1892 1174 1931 nubilus
1203 1891 1269 1939 ira,
1517 1905 1534 1938 5

255 1976 374 2012 quam
404 1960 561 2011 placido
590 1967 742 1998 nostras
771 1960 916 2009 legerat
945 1971 1011 1996 ore
1040 1959 1200 2007 preces!

244 2067 274 2097 V
297 2065 369 2096 hab.
397 2065 457 2096 TR
514 2074 528 2094 1
556 2064 670 2095 multis
690 2074 764 2095 sum
790 2063 928 2103 praedia
953 2061 1097 2092 nummis
1121 2061 1260 2092 AABA:
1292 2060 1437 2091 nummis
1461 2069 1535 2091 sum

201 2111 339 2151 praedia
356 2109 468 2139 multis
487 2108 535 2139 CA

244 2154 290 2184 VI
316 2153 388 2183 lmb.
412 2152 442 2182 T
529 2162 542 2181 1
568 2151 705 2190 luperco
724 2150 772 2181 CA

245 2197 328 2228 VIII
353 2196 428 2226 lmb.
451 2195 481 2225 T
568 2205 581 2225 1
611 2195 804 2225 praecones
819 2194 878 2224 ΑΑ
1052 2203 1072 2230 4
1096 2197 1246 2222 moratur
1267 2191 1440 2232 T(etfort.
1457 2190 1536 2231 ΑΛ)

203 2243 223 2271 6
248 2241 310 2271 Dic
340 2239 521 2280 numquid]
551 2239 663 2278 Digno
690 2238 814 2278 nequid
840 2237 915 2268 BA:
950 2236 1097 2275 Dignum
1122 2235 1200 2274 quid
1226 2234 1275 2265 CA
1426 2234 1536 2265 fatues

205 2286 251 2315 (A
272 2295 317 2314 vse
342 2308 347 2314 .
370 2284 400 2313 sN

248 2328 279 2358 X
303 2296 376 2358 lgm,
402 2327 430 2357 T
493 2337 512 2356 2
537 2336 622 2366 quae
641 2325 671 2356 T
754 2335 774 2363 3
798 2324 854 2354 ille
870 2323 963 2354 dedit
980 2321 1027 2352 CA
1044 2327 1080 2353 ut
1096 2322 1158 2353 vid.
1212 2332 1250 2352 se
1273 2322 1302 2353 T
1387 2332 1406 2360 4
1432 2321 1537 2362 pudet

202 2415 221 2435 a
237 2405 293 2434 A*x
311 2416 318 2435 :
347 2404 449 2444 pudet
466 2403 521 2432 BA
541 2402 612 2443 (sed
625 2377 730 2442 pudgt
751 2400 797 2442 L)
817 2400 864 2431 CA
992 2411 1011 2440 5
1036 2405 1070 2431 at
1087 2398 1203 2440 quam]
1221 2403 1322 2439 atque
1335 2397 1382 2428 CA
