1648 2729
718 124 1190 165 EPIGRAMMATON
1223 128 1326 165 LIB.
1360 129 1419 166 IV

190 240 361 284 gestator
389 240 497 284 patet
526 234 667 272 essedo
697 241 862 282 tacente,

191 313 241 337 ne
270 299 420 337 blando
449 306 535 337 rota
563 298 612 337 sit
642 301 808 338 molesta
838 314 992 349 somno,
1379 322 1419 342 20

190 377 309 414 quem
339 377 413 402 nee
442 377 623 414 rumpere
652 364 855 403 nauticum
886 368 1065 406 celeuma

190 442 264 467 nec
293 430 442 467 clamor
471 430 573 467 valet
603 429 888 478 helciariorum,

190 507 281 532 cum
311 493 359 532 sit
389 502 469 532 tam
499 507 622 544 prope
653 495 828 534 Mulvius
858 509 1094 547 sacrumque

189 561 322 610 lapsae
351 573 420 609 per
447 559 624 598 Tiberim
654 562 787 599 volent
817 561 982 600 carinae.

190 626 285 663 Hoc
313 638 388 671 ruS,
421 638 489 663 seu
518 625 650 675 potius
680 627 823 664 domus
852 628 1033 666 vocanda
1062 636 1130 675 est,

189 691 445 728 commendat
474 690 685 730 dominus:
725 699 833 729 tuam
864 692 1034 742 putabis,

189 763 269 792 tam
299 769 380 793 non
410 755 543 794 invida
573 764 735 806 tamque
764 757 946 805 liberalis,

190 828 270 858 tam
299 820 405 859 comi
434 829 542 871 patet
571 822 861 872 hospitalitate:

188 886 325 924 credas
354 886 512 925 Alcinoi
541 886 627 937 pios
658 889 826 926 Penates

188 958 256 988 aut
284 951 376 989 facti
407 953 528 990 modo
559 951 689 991 divitis
720 952 929 991 Molorchi.
1375 974 1417 1004 30

189 1017 272 1054 Vos
301 1029 408 1054 nune
437 1016 571 1054 omnia
600 1030 719 1067 parva
747 1017 815 1067 qui
843 1017 1001 1068 putatis,

188 1088 358 1120 centeno
386 1081 561 1132 gelidum
591 1082 722 1132 ligone
751 1082 877 1121 Tibur

188 1148 249 1184 vel
279 1148 491 1186 Praeneste
519 1148 681 1186 domate
710 1149 1007 1199 pendulamque

189 1211 257 1249 uni
286 1211 421 1251 dedite
451 1212 599 1251 Setiam
629 1214 785 1261 colono,

188 1277 285 1315 dum
315 1291 379 1316 me
408 1277 539 1317 iudice
567 1280 834 1329 praeferantur
862 1278 945 1317 istis
1378 1298 1414 1329 35

190 1342 265 1380 Iuli
295 1342 428 1393 iugera
457 1357 583 1394 pauca
615 1343 817 1383 Martialis.

585 1458 699 1495 LXV

80 1537 210 1575 Oculo
240 1536 440 1576 Philaenis
470 1551 626 1589 semper
653 1539 777 1577 altero
806 1540 942 1589 plorat.

79 1615 159 1651 quo
189 1603 255 1640 fiat
285 1602 390 1641 istud
420 1603 604 1653 quaeritis
634 1605 789 1642 modo?
826 1606 935 1643 lusca
964 1612 1033 1643 est.

566 1721 700 1758 LXVI

81 1799 204 1850 Egisti
233 1799 352 1838 vitam
382 1813 546 1851 semper,
580 1800 689 1848 Line,
722 1800 1015 1852 municipalem,

133 1878 211 1914 qua
239 1864 337 1902 nihil
366 1864 532 1904 omnino
560 1865 674 1904 vilius
704 1879 789 1905 esse
818 1874 963 1916 potest.

81 1929 220 1968 Idibus
249 1938 287 1968 et
317 1930 409 1968 raris
439 1932 573 1981 togula
601 1939 660 1969 est
689 1944 853 1970 excussa
884 1931 1078 1971 Kalendis

132 1994 243 2033 duxit
272 2002 310 2033 et
338 2003 506 2034 aestates
536 1996 730 2045 synthesis
760 2010 839 2035 una
868 1998 1019 2036 decem.

126 2108 164 2137 19
187 2099 353 2138 gestatori
368 2099 424 2129 ΒΑ
515 2104 608 2139 patet
624 2100 680 2130 ΒΑ
695 2112 702 2131 :
724 2100 810 2131 iacet
823 2100 871 2130 CA
960 2105 995 2131 et
1010 2100 1093 2132 sedo
1109 2101 1157 2132 CA
1289 2103 1330 2133 28
1346 2108 1414 2134 tam

78 2147 247 2182 compatet
256 2143 313 2173 ΒΑ
429 2153 472 2183 29
493 2144 616 2174 alcioni
630 2143 678 2174 CA
803 2154 846 2182 30
869 2144 990 2174 factam
1009 2144 1057 2175 CA
1182 2155 1221 2183 31
1247 2146 1303 2185 qui
1315 2146 1413 2179 Ital.:

77 2196 165 2226 quae
184 2186 282 2226 (que)
301 2185 391 2218 codd.
532 2197 575 2226 32
599 2192 761 2219 contento
778 2187 831 2218 ΒΑ
850 2191 887 2218 ut
901 2188 984 2220 vid.:
1011 2193 1158 2219 centeno
1177 2188 1226 2219 CA
1373 2201 1415 2230 33

78 2230 302 2269 pendulamus
318 2230 374 2260 BA
397 2232 476 2271 (pro
489 2231 613 2272 Lmve2)
723 2242 765 2271 34
789 2232 820 2262 d.
839 2231 968 2264 Set.ed.
984 2243 1013 2263 α.
1038 2242 1122 2272 1473
1138 2244 1145 2263 τ
1162 2233 1286 2264 deditis
1303 2234 1414 2264 ediam

78 2273 133 2303 ΒΑ
148 2284 154 2303 :
178 2274 291 2304 dedite
304 2275 365 2304 sed
377 2280 493 2305 tamen
506 2274 555 2306 CA

124 2317 219 2347 LXV
242 2327 262 2347 2
278 2318 370 2357 quod
385 2318 434 2348 CA

123 2360 231 2391 LXVI
255 2371 305 2392 vv.
330 2371 404 2400 1—2,
421 2371 516 2401 5—12,
539 2364 644 2401 15-18
668 2361 741 2393 hab.
766 2362 797 2393 T
889 2372 908 2393 2
933 2362 1034 2393 uilius
1050 2362 1193 2394 AABA:
1217 2364 1348 2396 dulcius
1366 2366 1414 2397 CA

79 2414 98 2443 3
122 2403 260 2444 togulae
279 2405 375 2437 sicA
394 2405 424 2448 (I
435 2411 499 2447 pro
514 2405 556 2448 T)
647 2416 793 2438 excussa
807 2405 863 2437 BA
879 2417 886 2438 ι
910 2406 970 2438 tibi
987 2413 1121 2447 sumpta
1140 2407 1188 2439 CA
