1648 2729
191 131 246 167 M.
279 130 401 167 VAL.
436 130 752 169 MARTIALIS

700 244 799 280 XVI

190 309 271 345 Das
301 306 547 356 gladiatores,
579 314 757 346 sutorum
787 309 930 358 regule,
961 310 1091 356 cerdo,

243 372 433 422 quodque
463 372 535 411 tibi
564 372 700 411 tribuit
730 374 881 422 subula,
914 373 995 412 sica
1024 374 1134 424 rapit.

189 436 320 475 ebrius
350 450 414 476 es:
454 451 585 487 neque
614 438 721 476 enirn
750 440 897 478 faceres
927 440 1004 478 hoc
1033 439 1188 478 sobrius
1217 454 1419 491 umquam,

242 510 284 540 ut
314 503 433 540 velles
463 502 571 540 corio
601 504 748 550 ludere,
781 505 912 551 cerdo,
944 512 1024 542 tuo.

189 567 312 605 lusisti
344 566 475 606 corio:
515 569 584 606 sed
615 575 663 615 te,
699 568 796 606 mihi
824 571 952 616 crede,
985 578 1188 608 memento
1509 588 1525 619 5

245 646 350 671 nuuc
380 632 419 670 in
449 633 643 683 pellicula,
676 635 807 682 cerdo,
840 642 973 673 tenere
1004 643 1080 674 tua.

675 728 824 765 XVIII

191 796 415 835 Perfrixisse
445 805 530 835 tuas
560 805 699 847 questa
729 805 787 836 est
817 799 1007 848 praefatio
1036 800 1179 837 fauces.

244 876 335 900 cum
366 870 404 901 te
434 862 660 910 excussaris‚
696 863 883 912 Maxime,
915 863 1013 914 quid
1042 864 1212 903 recitas?

701 953 802 990 XIX

192 1020 375 1059 Proxima
404 1020 580 1059 centenis
611 1021 832 1060 ostenditur
861 1035 950 1060 ursa
979 1023 1186 1070 columnis,

244 1093 435 1124 exornant
464 1087 578 1125 fictae
608 1100 686 1137 qua
715 1088 930 1137 platanona
959 1089 1073 1126 ferae.

192 1150 306 1189 huius
337 1152 433 1189 dum
463 1153 619 1200 patulos
649 1153 844 1190 adludens
874 1160 1041 1203 temptat
1071 1151 1200 1191 hiatus

246 1217 408 1265 pulcher
438 1218 574 1266 Hylas,
608 1224 783 1255 teneram
814 1217 947 1256 mersit
977 1218 1016 1255 in
1047 1232 1114 1256 ora
1143 1231 1316 1257 manum.

190 1281 323 1331 vipera
352 1283 422 1320 sed
451 1295 571 1320 caeco
601 1284 789 1321 scelerata
818 1283 965 1321 latebat
994 1282 1034 1321 in
1063 1297 1152 1322 aere
1509 1300 1526 1330 5

244 1346 481 1396 vivebatque
509 1347 642 1385 anima
671 1348 865 1387 deteriore
894 1350 984 1386 fera.

192 1425 271 1449 non
302 1411 423 1450 sensit
452 1426 549 1462 puer
578 1426 664 1451 esse
694 1414 821 1460 dolos,
853 1413 929 1452 nisi
957 1414 1078 1452 dente
1107 1421 1267 1463 recepto

244 1478 341 1515 dum
371 1476 481 1526 perit.
542 1478 578 1516 O
608 1477 771 1525 facinus,
803 1479 900 1517 falsa
929 1480 1037 1529 quod
1068 1492 1157 1516 ursa
1186 1478 1283 1517 fuit!

713 1573 789 1608 XX

193 1641 278 1687 Dic,
313 1642 442 1687 Musa,
473 1641 570 1690 quid
598 1649 687 1691 agat
718 1641 866 1681 Canius
897 1655 1007 1680 meus
1039 1643 1191 1681 Rufus:

189 1713 372 1743 utrumne
402 1705 546 1744 chartis
576 1705 693 1744 tradit
723 1706 787 1744 ille
816 1706 974 1745 victuris

190 1772 358 1821 legenda
387 1779 611 1820 temporum
641 1779 729 1809 acta
759 1771 1102 1811 Claudianorum?

188 1850 238 1874 an
269 1849 370 1885 quae
402 1836 552 1874 Neroni
582 1837 700 1874 falsus
730 1836 896 1875 adstruit
926 1837 1100 1887 scriptor,

187 1915 238 1938 an
268 1903 487 1939 aemulatur
516 1901 672 1951 inprobi
702 1901 811 1940 iocos
843 1902 1044 1941 Phaedri?
1506 1919 1523 1951 5

189 1966 355 2004 lascivus
385 1965 503 2015 elegis
532 1980 583 2004 an
613 1980 770 2005 severus
801 1966 962 2006 herois?

188 2046 238 2069 an
269 2031 308 2069 in
339 2031 541 2070 cothurnis
571 2032 753 2071 horridus
784 2033 1049 2082 Sophocleis?

234 2135 312 2165 XVI
340 2135 460 2166 lzab.R
560 2146 578 2165 2
602 2136 703 2166 tribui
717 2136 766 2167 CA
865 2146 884 2175 5
910 2137 1001 2168 corio
1013 2136 1145 2167 AACA:
1168 2137 1251 2168 satis
1262 2141 1312 2167 est
1324 2136 1379 2166 ΒΑ
1446 2135 1526 2168 tuR

232 2178 350 2209 XVIII
369 2179 441 2209 lzab.
470 2179 499 2209 T
626 2190 645 2209 2
670 2190 852 2211 excussare
874 2181 921 2211 T:
945 2181 1100 2211 exuraris
1118 2181 1166 2212 CA
1183 2181 1289 2220 (rpro
1304 2183 1335 2219 s)

232 2222 317 2252 XIX
341 2223 414 2253 hab.
436 2222 467 2253 T
603 2233 622 2252 2
647 2223 746 2254 fictae
765 2224 894 2255 AACA:
920 2224 1031 2264 pictae
1046 2223 1104 2253 BA
1121 2226 1158 2263 <p
1169 2229 1232 2265 pro
1247 2224 1273 2265 s)
1379 2233 1477 2263 quam
1500 2224 1530 2254 T

190 2270 264 2305 (pro
280 2268 361 2305 qua)
460 2276 543 2306 pare
557 2266 605 2296 CA
624 2275 660 2306 tp
672 2272 733 2307 pro
748 2267 776 2301 f)
910 2278 930 2306 3
954 2268 1092 2298 adludet
1104 2267 1152 2299 CA
1284 2277 1303 2306 5
1328 2268 1457 2298 scelata
1478 2267 1524 2300 T:

187 2309 314 2340 caelata
334 2309 428 2350 (ceh)
450 2309 498 2340 CA
590 2310 719 2341 iacebat
736 2310 796 2340 ΑΑ
811 2322 817 2340 z
841 2311 966 2342 latebat
983 2310 1091 2341 ΒΑΕΔ

234 2353 302 2384 XX
326 2363 344 2391 5
368 2353 463 2384 iocos
478 2353 553 2383 Ital.
573 2364 578 2382 :
605 2354 698 2384 locos
717 2355 806 2394 (fens
823 2354 891 2396 BA)
913 2354 1001 2386 codd.
1028 2354 1051 2395 tl
1067 2360 1127 2397 pro
1141 2354 1170 2395 j)
1297 2355 1318 2384 6
1342 2354 1455 2385 hereis
1476 2353 1525 2385 CA

189 2407 205 2434 7
233 2397 282 2437 in]
303 2397 311 2426 i
330 2396 379 2427 CA
475 2396 647 2436 sopheleis
664 2397 718 2427 BA
