1648 2729
693 128 1163 167 EPIGRAMMATON
1194 128 1298 166 LIB.
1330 128 1413 166 VII

79 252 171 278 cum
200 246 268 278 tua
296 246 355 278 tot
383 238 507 278 niveis
536 246 696 277 ornetur
724 238 808 289 ripa
836 238 1023 277 ministris

133 311 172 344 et
201 305 464 355 Ganymedeo
493 305 622 343 luceat
651 305 760 343 unda
788 305 937 343 choro:

80 368 176 420 quid
205 369 298 408 facit
326 369 488 408 Alcides
517 369 613 408 silva
641 376 815 408 sacratus
844 369 884 407 in
914 368 1016 407 ista?
1397 386 1413 417 5

133 442 214 474 tam
242 434 372 474 vicina
400 435 472 474 tibi
501 449 571 474 cur
599 442 708 474 tenet
736 442 848 474 antra
877 436 1006 474 deus?

79 500 276 552 numquid
306 502 583 551 Nympharum
612 508 729 539 notos
759 500 942 539 observat
970 513 1138 547 amoreS‚

133 573 214 606 tam
244 566 355 606 multi
386 566 530 617 pariter
559 579 609 605 ne
637 565 838 616 rapiantur
868 566 1029 615 Hylae?

671 672 726 708 LI

82 742 251 782 Mercari
279 750 433 781 nostras
462 741 493 780 si
523 750 561 780 te
590 741 706 792 piget,
739 741 897 789 Vrbice,
929 754 1052 791 nugas

134 815 173 846 et
201 807 346 847 lasciva
375 815 508 847 tamen
539 807 713 846 carmina
742 820 860 845 nosse
890 806 997 854 libet,

80 872 318 923 Pompeium
347 880 608 924 quaeres-et
636 872 741 911 nosti
770 871 1189 918 forsitan—Auctum;

134 939 270 978 ultoris
298 938 426 990 prima
455 938 595 977 Martis
624 937 664 976 in
693 939 794 976 aede
823 938 958 976 sedet:

80 1003 164 1043 iure
193 1005 358 1043 madens
388 1003 578 1054 varioque
606 1011 721 1053 togae
751 1003 910 1041 limatus
940 1001 981 1040 in
1010 1015 1083 1040 usu
1402 1017 1418 1048 5

135 1083 217 1108 non
246 1071 370 1108 lector
398 1083 510 1108 meus
539 1069 616 1116 hic,
647 1067 805 1116 Vrbice‚
837 1069 908 1107 sed
937 1067 1036 1106 liber
1065 1075 1134 1105 est.

81 1134 138 1174 sic
166 1143 275 1174 tenet
302 1135 486 1174 absentes
517 1143 672 1173 nostros
702 1141 915 1184 cantatque
945 1133 1100 1171 libellos

134 1208 178 1240 ut
205 1208 340 1252 pereat
368 1200 512 1239 chartis
541 1200 668 1239 littera
697 1201 805 1238 nulla
833 1199 958 1238 meis:

82 1267 265 1318 denique,
298 1267 330 1306 si
358 1269 487 1315 vellet,
518 1274 672 1317 poterat
701 1265 903 1316 scripsisse
932 1263 1055 1303 videri
1071 1278 1081 1311 3

135 1334 207 1372 sed
235 1334 364 1371 famae
394 1334 541 1371 mavult
571 1331 636 1371 ille
664 1333 794 1370 favere
823 1344 946 1369 meae.
1384 1344 1423 1366 10

82 1399 190 1437 hunc
218 1397 309 1437 licet
337 1411 361 1436 a
389 1398 747 1447 decuma—neque
777 1395 883 1435 enim
914 1394 1007 1434 satis
1036 1401 1128 1433 ante
1157 1392 1369 1432 vacabit—

136 1463 335 1511 sollicites‚
366 1462 495 1514 capiet
524 1463 667 1502 cenula
696 1475 814 1512 parva
844 1463 946 1501 duos
962 1475 971 1509 5

82 1528 147 1568 ille
175 1530 293 1580 leget,
321 1529 415 1568 bibe
443 1536 515 1577 tu3
553 1527 654 1567 nolis
683 1527 786 1574 licet,
818 1526 883 1565 ille
917 1525 1098 1565 sonabit:

138 1603 177 1634 et
205 1608 297 1634 curn
329 1596 439 1634 ‘Iam
469 1593 562 1633 satis
592 1595 671 1633 est’
701 1592 855 1640 dixeris,
888 1592 953 1631 ille
982 1593 1096 1642 leget.

659 1699 739 1736 LII

85 1772 251 1810 Gratum
281 1778 339 1810 est
368 1771 478 1822 quod
508 1769 637 1810 Celeri
665 1777 821 1808 nostros
849 1768 955 1819 legis,
987 1769 1128 1813 Aucte,
1159 1766 1324 1813 libellos,

138 1835 171 1874 si
199 1843 332 1875 tamen
363 1844 401 1875 et
431 1837 612 1876 Celerem
643 1836 753 1885 quod
782 1833 892 1885 legis,
921 1836 1060 1880 Aucte,
1093 1832 1210 1871 iuvat.

84 1900 149 1940 ille
178 1915 286 1940 meas
315 1909 452 1951 gentes
482 1908 520 1939 et
551 1901 684 1940 Celtas
713 1899 810 1938 rexit
841 1899 1029 1946 Hiberos,

138 1981 213 2006 nec
242 1967 314 2005 furi*-
344 1966 384 2005 in
414 1974 550 2006 nostro
579 1965 721 2004 certior
750 1965 845 2004 orbe
874 1965 986 2003 fides.

86 2032 211 2072 maior
240 2046 304 2072 me
333 2040 445 2071 tanto
474 2031 691 2070 reverentia
720 2031 852 2069 turbat
881 2038 920 2069 et
949 2042 1063 2068 aures
1408 2043 1424 2074 5

140 2112 222 2138 non
251 2097 455 2145 auditoris,
487 2096 628 2136 iudicis
658 2110 745 2135 esse
773 2104 882 2146 puto.

130 2212 150 2241 3
175 2206 315 2233 ornetur
331 2201 403 2242 ripa
419 2212 458 2232 ex
474 2205 642 2232 ornentur
659 2200 723 2240 ripi
738 2204 776 2230 ut
791 2199 855 2232 vid.
876 2199 926 2230 CA
1059 2209 1077 2236 4
1102 2198 1193 2228 unde
1211 2196 1260 2229 CA
1278 2197 1359 2236 (non
1374 2195 1425 2228 A)

87 2247 108 2277 6
129 2245 189 2277 tibi
212 2246 288 2278 BA:
320 2246 370 2277 tui
397 2245 446 2276 CA
500 2250 505 2256 ‘
535 2245 619 2275 deos
636 2247 673 2274 ut
688 2243 750 2274 vid.
770 2243 821 2274 CA
1108 2241 1153 2271 LI
1178 2250 1198 2279 3
1222 2240 1356 2280 quaeris
1371 2239 1427 2270 ΒΑ

89 2291 166 2331 (pro
190 2300 262 2321 -res
272 2289 297 2330 ἒ)
431 2293 547 2320 autum
564 2288 618 2318 ΒΑ
637 2299 644 2319 :
667 2292 804 2318 auctum
822 2286 883 2328 (A)
901 2286 951 2317 vel
965 2290 1077 2317 actum
1096 2283 1194 2326 (EX)
1211 2283 1261 2315 CA
1389 2294 1424 2314 11

87 2345 108 2365 a
131 2333 224 2374 dec.]
242 2334 284 2365 ad
300 2343 396 2364 ecum
412 2332 469 2363 BA
556 2331 691 2363 uacauit
709 2331 758 2362 CA
777 2331 842 2372 (ate.
861 2330 938 2371 -bit)
1053 2339 1092 2367 13
1117 2329 1203 2359 nolis
1218 2327 1273 2358 BA
1289 2338 1296 2358 :
1319 2327 1427 2358 nolles

90 2377 139 2408 CA
157 2378 232 2417 (pro
249 2377 360 2418 nonis,
378 2377 426 2408 i.e.
445 2375 548 2415 nolis>
672 2375 735 2406 LII
760 2386 811 2407 vv.
838 2384 909 2415 1—2,
928 2375 993 2413 5—6
1009 2373 1083 2403 lzab.
1107 2372 1137 2402 T
1222 2381 1237 2402 1
1263 2372 1358 2411 leges
1372 2370 1429 2402 ΒΑ

88 2431 108 2460 3
133 2420 202 2452 lexi
220 2420 269 2452 CA
401 2429 420 2460 5
445 2424 542 2451 tanta
559 2419 608 2451 CA
739 2421 761 2450 6
784 2419 957 2450 auditores
974 2416 1100 2448 iudires
1116 2415 1236 2447 iudicis
1258 2415 1289 2446 T
