1648 2729
739 166 1212 206 EPIGRAMMATON
1243 167 1347 204 LIB.
1382 167 1440 204 IX

98 289 202 321 astra
230 280 320 320 licet
349 279 521 332 propius,
555 278 705 318 Palatia
733 278 888 329 longius
918 287 1060 326 essent,

153 359 344 397 responsa
371 347 423 385 ad
453 358 617 396 superos
646 346 746 384 haec
775 345 980 383 referenda
1009 345 1169 383 darem:

104 411 316 462 ‘Quaerite
345 411 413 462 qui
443 410 553 450 malit
582 410 665 450 fieri
695 410 862 449 conviva
890 410 1110 449 Tonantis:
1425 427 1440 457 ,ς

155 491 220 517 me
249 491 361 517 meus
390 477 431 516 in
461 476 570 516 terris
601 476 781 527 Iuppiter
809 489 903 515 ecce
932 477 1064 515 tenet.’

589 577 735 616 XCIII

100 649 264 688 Addere
292 647 390 698 quid
419 661 560 696 065535,
592 661 699 698 puer,
732 647 942 686 inmortale
972 648 1213 685 Falernum?

155 714 418 765 quadrantem
448 713 608 765 duplica
637 715 689 753 de
718 712 873 752 seniore
902 713 1014 751 cado.

102 793 209 818 nunc
239 778 337 817 mihi
366 779 441 827 dic,
473 779 562 830 quis
591 779 663 818 erit
692 778 755 818 cui
785 786 833 826 te,
867 777 1077 825 Calacisse‚
1109 778 1276 816 deorum

157 858 226 884 sex
253 844 374 884 iubeo
403 846 567 895 cyathos
596 846 792 884 fundere?
851 845 1022 884 ‘Caesar
1051 842 1146 882 erit.'

103 909 237 950 Sutilis
266 918 422 961 aptetur
450 910 612 950 deciens
640 924 730 949 rosa
758 909 943 957 crinibus,
975 917 1018 948 ut
1047 909 1096 947 sit
1429 926 1443 956 5

157 976 225 1028 qui
254 976 388 1028 posuit
416 990 549 1016 sacrae
578 976 713 1015 nobile
740 975 868 1026 gentis
897 989 1009 1026 opus.

102 1056 210 1082 nunc
239 1042 300 1081 bis
329 1042 450 1093 quina
479 1042 577 1081 mihi
605 1043 658 1081 da
685 1042 805 1090 basia,
838 1043 905 1080 fiat
934 1049 976 1080 ut
1005 1041 1103 1080 illud

158 1122 307 1148 nomen
335 1109 387 1148 ab
417 1107 588 1158 Odrysio
617 1109 727 1158 quod
756 1109 856 1147 deus
884 1107 981 1146 orbe
1010 1106 1108 1146 tulit.

591 1208 731 1247 XCIV

103 1278 321 1320 Sardonica
350 1278 547 1318 medicata
576 1278 687 1318 dedit
716 1277 813 1317 mihi
843 1279 987 1329 pocula
1015 1277 1147 1328 virga:

158 1358 203 1385 os
231 1344 430 1384 hominis!
459 1345 633 1383 mulsum
663 1358 728 1383 me
757 1351 867 1394 rogat
897 1343 1177 1394 Hippocrates.

104 1418 185 1450 tam
215 1410 397 1461 stupidus
427 1423 648 1461 numquam
677 1423 753 1449 nec
782 1417 835 1457 tu,
867 1416 975 1459 puto,
1009 1410 1172 1456 Glauce,
1203 1407 1321 1455 fuisti,

158 1478 304 1530 χάλκεα
332 1476 499 1516 donanti
527 1478 672 1529 χρύσεα
701 1475 769 1527 qui
798 1476 978 1515 dederas

104 1544 222 1584 dulce
250 1542 392 1594 aliquis
422 1556 568 1582 munus
596 1556 668 1593 pro
698 1555 862 1580 munere
891 1540 1020 1592 poscit
1049 1541 1215 1579 amaro?
1429 1556 1445 1586 ,ς

157 1608 336 1660 accipiat,
368 1609 440 1648 sed
468 1608 501 1648 si
529 1615 641 1659 potat
669 1607 711 1646 in
740 1607 927 1647 elleboro.

590 1707 729 1748 XCVI

106 1778 283 1820 Clinicus
314 1779 500 1818 Herodes
529 1780 687 1817 trullam
716 1778 958 1817 subduxerat
986 1789 1130 1827 aegro:

159 1846 378 1896 deprensus
407 1844 505 1885 dixit
534 1845 695 1892 ‘Stulte,
727 1843 825 1895 quid
854 1857 946 1895 ergo
975 1842 1130 1882 bibis?'

583 1950 746 1989 XCVII

106 2020 321 2071 Rumpitur
349 2020 499 2060 invidia
527 2020 704 2071 quidam,
734 2019 935 2058 carissime
965 2018 1053 2066 Iuli,

159 2087 270 2137 quod
299 2099 364 2124 me
394 2087 527 2125 Roma
554 2085 660 2136 legit,
690 2084 884 2136 rumpitur
912 2083 1071 2123 invidia.

151 2191 268 2223 XCIII
294 2202 314 2222 2
338 2191 424 2222 eadu
444 2190 493 2222 CA
510 2190 594 2231 (pro
610 2190 710 2229 cado)
874 2199 894 2228 3
913 2189 1006 2230 quis]
1026 2188 1109 2219 ciuis
1129 2187 1178 2219 CA
1192 2187 1273 2229 (pro
1289 2188 1370 2228 cuis,
1389 2187 1410 2220 ι’.
1423 2200 1447 2220 e.

106 2236 197 2275 quis)
265 2235 433 2276 galacisse
457 2234 534 2265 BA:
567 2234 730 2266 calacisse
760 2233 809 2264 CA
839 2234 887 2274 (in
915 2234 1027 2264 Iemm.
1057 2243 1106 2263 An
1134 2241 1332 2264 CALAcxva
1362 2231 1428 2272 CA)
1445 2244 1452 2262 :

107 2279 282 2311 Caloeisse
297 2278 464 2320 Scaliger:
490 2278 684 2310 calathisce
700 2277 864 2309 Heinsius
1012 2278 1032 2307 8
1056 2277 1138 2307 urbe
1154 2276 1211 2307 BA
1227 2277 1240 2317 (
1246 2281 1311 2317 pro
1329 2276 1428 2316 orbe)
1443 2288 1451 2306 :

108 2334 168 2355 ore
187 2322 237 2354 CA
443 2322 558 2353 XCIV
580 2322 655 2354 hab.
678 2322 708 2353 T
796 2331 810 2351 1
838 2321 1026 2352 Sar-donica
1038 2320 1174 2351 AACA:
1192 2320 1378 2351 Santonica
1394 2319 1451 2350 ΒΑ

108 2378 128 2398 2
145 2367 304 2398 homines
323 2366 372 2398 CA
392 2366 427 2407 (i.
442 2377 467 2398 e.
485 2367 567 2398 -nisl
692 2365 810 2396 mulsit
827 2364 888 2405 CA,
906 2364 993 2395 unde
1008 2364 1153 2395 mulsum
1171 2369 1205 2396 et
1221 2364 1256 2395 F
1254 2362 1456 2395 rz'edlaender

108 2423 128 2451 3
152 2410 309 2450 stupidus
320 2410 438 2441 AABA
455 2421 463 2441 :
487 2411 630 2450 cupidus
645 2409 695 2441 CA
828 2419 848 2447 4
872 2408 1007 2439 donasti
1025 2407 1075 2439 CA
1338 2407 1451 2438 XCVI

108 2466 127 2486 2
153 2455 241 2485 uiuis
255 2454 312 2485 ΒΑ
331 2455 364 2496 (i.
378 2465 401 2487 e.
418 2454 525 2494 bibis)
789 2452 918 2484 XCVII
943 2452 1018 2484 hab.
1037 2451 1071 2482 R
