1648 2729
754 128 1226 168 EPIGRAMMATON
1259 129 1363 168 LIB.
1396 129 1454 167 IV

620 238 731 276 XIII

115 311 295 359 Claudia,
328 313 443 359 Rufe,
476 326 567 352 meo
596 313 711 352 nubit
741 314 952 365 Peregrina
982 315 1182 355 Pudenti:

169 386 298 417 macte
327 386 413 417 esto
442 378 579 427 taedis,
611 392 636 418 o
667 381 914 430 Hymenaee,
947 380 1034 419 tuis.

114 451 195 482 tam
225 443 327 482 bene
356 457 440 482 rara
469 457 543 483 suo
573 444 789 484 miscentur
817 445 1003 484 cinnama
1032 447 1168 493 nardo,

169 508 343 548 Massica
371 508 538 548 Theseis
569 517 649 548 tam
679 511 783 549 bene
810 510 903 550 vina
931 511 1056 559 favis,

113 587 188 612 nec
217 574 357 612 melius
387 574 531 613 teneris
560 574 777 626 iunguntur
805 576 950 615 vitibus
980 576 1088 622 ulmi,
1434 594 1450 624 5

167 653 242 678 nec
271 641 359 690 plus
389 641 492 679 lotos
520 654 655 691 aquas,
688 641 801 680 litora
830 650 979 692 myrtus
1008 651 1125 681 amat.

112 704 285 744 candida
312 713 506 756 perpetuo
535 706 674 754 reside,
708 707 946 754 Concordia,
978 709 1093 754 lecto,

166 777 329 821 tamque
358 771 441 821 pari
471 785 627 822 semper
655 771 704 810 sit
734 774 872 811 Venus
901 786 1029 823 aequa
1058 772 1178 823 iugo:

111 835 247 886 diligat
275 835 341 874 illa
369 850 506 876 senem
536 839 753 887 quondam,
785 839 856 877 sed
885 846 924 877 et
952 838 1038 888 ipsa
1067 838 1207 877 marito

165 909 249 939 tum
280 914 452 952 quoque,
485 915 577 941 cum
607 902 733 950 fuerit,
765 917 847 942 non
877 903 1058 943 videatur
1085 918 1195 942 anus.
1412 919 1452 942 10

623 1009 726 1046 XIV

218 1082 298 1130 Sili,
330 1083 577 1123 Castalidum
607 1086 730 1124 decus
759 1098 948 1132 sororum,

217 1148 285 1199 qui
315 1149 483 1200 periuria
511 1149 666 1188 barbari
694 1151 834 1189 furoris

216 1206 374 1264 ingenti*
396 1215 540 1265 premis
571 1229 638 1254 ore
666 1217 920 1266 perfidosque

215 1288 323 1319 astus
354 1280 595 1319 Hannibalis
624 1281 801 1332 levisque
830 1284 988 1320 Poenos

215 1345 368 1396 magnis
397 1347 539 1385 cedere
568 1347 676 1397 cogis
705 1347 924 1386 Africanis:
1429 1363 1447 1394 5

216 1413 379 1462 paulum
410 1412 583 1462 seposita
611 1412 828 1459 severitate,

216 1478 313 1516 dum
343 1477 491 1515 blanda
519 1491 639 1527 vagus
669 1479 755 1517 alea
785 1478 1010 1517 December

215 1541 374 1581 incertis
404 1550 519 1581 sonat
546 1542 640 1582 hinc
670 1551 709 1582 et
737 1543 831 1582 hinc
860 1543 999 1581 fritillis

215 1615 255 1646 et
283 1608 384 1646 ludit
414 1616 526 1659 tropa
555 1608 745 1659 nequiore
775 1611 865 1656 talo,

214 1673 357 1712 nostris
386 1673 467 1712 otia
495 1676 710 1714 commoda
739 1674 937 1721 Camenis,
1407 1690 1447 1712 10

214 1752 288 1777 nec
317 1746 428 1778 torva
455 1741 541 1791 lege
569 1742 708 1788 fronte,
740 1742 811 1780 sed
839 1740 1002 1779 remissa

213 1804 367 1843 lasciw's
396 1805 580 1844 madidos
609 1806 706 1845 iocis
735 1806 900 1845 libellos.

214 1869 270 1908 sic
298 1871 430 1908 forsan
459 1878 571 1909 tener
597 1885 715 1910 ausus
745 1880 804 1910 est
832 1873 1012 1911 Catullus

215 1948 360 1985 magno
390 1935 544 1975 mittere
574 1938 779 1976 Passerem
810 1937 980 1976 Maroni.

150 2039 237 2070 XIII
263 2039 337 2071 lzas‘.
358 2040 393 2070 R
446 2040 528 2071 Post
543 2041 627 2072 XIV
641 2041 746 2072 colloc.
761 2041 811 2072 CA
904 2052 919 2072 1
939 2041 1059 2073 Cladia
1074 2041 1108 2071 R
1125 2043 1200 2070 ante
1214 2051 1291 2071 corr.
1311 2041 1443 2080 (etsorl.

103 2082 180 2121 ΑΛ)
197 2094 204 2113 :
229 2083 374 2114 Glaudia
399 2087 436 2113 ut
455 2084 520 2116 vt'd.
545 2085 624 2116 BA:
657 2085 801 2125 Claudia
818 2084 867 2116 CA
971 2085 1068 2115 nubit
1088 2084 1222 2115 AACA:
1256 2086 1371 2124 nupsit
1388 2086 1444 2115 ΒΑ

103 2127 239 2166 parenti
258 2127 306 2158 CA
394 2138 413 2157 2
437 2129 520 2159 ades
536 2130 618 2160 AA:
643 2134 718 2160 esto
735 2129 844 2160 ΒΑΕΑ
913 2140 933 2160 0
951 2140 1016 2159 om.
1034 2128 1089 2159 BA
1201 2139 1220 2167 4
1244 2138 1346 2167 quam
1361 2128 1441 2159 AA:

104 2176 173 2201 tam
189 2170 298 2201 BACA
410 2172 432 2200 6
455 2173 541 2203 latos
555 2173 611 2203 ΒΑ
714 2184 735 2213 9
760 2174 896 2213 diligam
912 2173 968 2204 BA
1059 2173 1134 2212 ipsa
1151 2182 1192 2203 m.
1212 2172 1274 2202 ΑΛ
1289 2172 1382 2213 <ipse
1399 2183 1442 2203 m.

103 2213 151 2251 R)
169 2214 246 2245 BA:
271 2215 329 2245 illa
344 2225 387 2245 m.
408 2215 456 2246 CA
515 2214 521 2219 '
543 2217 700 2248 maritum
718 2217 774 2247 BA

146 2257 232 2289 XIV
259 2269 279 2288 2
303 2258 454 2291 barbaris
479 2260 535 2290 ΒΑ
683 2272 703 2300 4
726 2266 821 2292 astus
846 2260 924 2290 BA:
960 2260 1067 2291 fastus
1094 2259 1143 2290 CA
1245 2258 1367 2298 plenos
1394 2259 1441 2290 CA

1113 2311 1194 2335 piger
1306 2311 1398 2334 uagus

103 2345 123 2374 5
148 2336 233 2366 cede
257 2345 301 2367 ne
326 2335 417 2375 cogit
436 2336 484 2367 CA
619 2348 635 2377 7
660 2348 768 2378 uagus
792 2338 891 2378 piger
914 2337 972 2368 BA
999 2337 1075 2377 (pro
1095 2346 1202 2376 uagus
1229 2336 1279 2367 vel
1305 2337 1442 2378 piger):

103 2389 211 2418 uagus
241 2378 292 2409 CA
466 2392 487 2420 9
509 2385 608 2421 tropa
630 2382 826 2413 Brodaeus:
857 2392 948 2422 popa
975 2381 1054 2412 BA:
1071 2386 1147 2412 rota
1169 2380 1215 2412 CA
1402 2391 1440 2419 14

102 2422 234 2454 marino
248 2422 304 2452 ΒΑ

147 2487 255 2509 MART.
272 2487 326 2510 ΞΡ.
348 2487 397 2510 sc.
413 2488 467 2510 En.
1335 2479 1356 2508 6
