1648 2729
721 154 1192 194 EPIGRAMMATON
1225 156 1329 193 LIB.
1361 156 1444 193 XII

623 265 763 303 XXXI

100 337 194 374 Hoc
225 348 381 383 nemus,
411 334 451 373 hi
481 336 626 383 fontes,
655 336 754 374 haec
784 335 928 374 textilis
959 337 1100 376 umbra
1129 337 1260 389 supini

152 400 338 452 palmitis,
369 402 448 439 hoc
478 400 611 451 riguae
640 401 789 440 ductile
819 403 969 441 fiumen
998 417 1137 453 aquae,

97 474 289 517 prataque
318 480 392 505 nec
423 466 549 505 bifero
578 480 736 505 cessura
766 467 912 506 rosaria
944 470 1100 516 Paesto,

152 533 345 583 quodque
373 531 470 570 viret
502 531 589 570 Iani
620 546 757 572 mense
787 547 861 572 nec
889 535 992 584 alget
1023 535 1150 581 holus,

96 611 280 649 quaeque
309 606 419 636 natat
449 598 567 637 clusis
597 598 770 649 anguilla
799 600 1020 638 domestica
1050 601 1231 652 lymphis,
1428 620 1444 650 5

151 677 334 715 quaeque
362 663 460 715 gerit
489 664 637 703 similes
667 664 839 704 candida
869 665 982 704 turris
1010 679 1115 714 aves,

97 743 263 768 munera
291 737 382 768 sunt
412 730 627 769 dominae:
666 738 756 781 post
785 731 954 782 septima
982 733 1103 770 lustra
1132 746 1287 771 reverso

151 796 222 834 has
255 797 446 835 Marcella
475 797 620 835 domos
649 811 850 848 parvaque
879 811 999 848 regna
1027 798 1149 837 dedit.

97 861 137 900 Si
168 861 265 899 mihi
296 861 496 901 Nausicaa
526 862 672 913 patrios
702 865 941 902 concederet
973 865 1120 911 hortos,

150 926 325 966 Alcinoo
354 941 516 978 possem
547 928 680 967 dicere
709 931 720 949 ‘
738 931 849 967 Malo
880 932 1016 968 meos.’
1405 947 1443 968 10

584 1077 750 1114 XXXII

207 1163 243 1201 O
275 1162 464 1201 Iuliarum
493 1164 670 1202 dedecus
699 1165 985 1212 Kalendarum,

207 1227 300 1275 vidi,
330 1230 516 1277 Vacerra,
546 1228 718 1268 sarcinas
748 1237 846 1277 tuas,
879 1229 960 1268 vidi
977 1244 987 1278 ς

207 1307 306 1344 quas
336 1307 417 1332 non
446 1302 618 1333 retentas
647 1295 841 1345 pensione
870 1309 941 1345 pro
971 1294 1080 1334 bima

206 1360 389 1410 portabat
419 1373 516 1398 uxor
544 1362 629 1398 rufa
658 1360 833 1399 crinibus
863 1369 1017 1411 septem

209 1433 248 1464 et
277 1439 370 1464 cum
401 1439 535 1464 sorore
565 1440 665 1465 cana
695 1434 820 1466 mater
849 1427 1010 1477 ingenti.
1432 1448 1448 1479 5

211 1491 348 1530 Furias
377 1491 513 1542 putavi
541 1501 661 1531 nocte
692 1492 795 1531 Ditis
825 1507 1009 1532 emersas.

210 1558 280 1595 has
310 1565 352 1596 tu
381 1557 530 1608 priores
559 1558 700 1608 frigore
730 1566 768 1597 et
798 1560 902 1597 fame
932 1558 1060 1598 siccus

210 1630 249 1661 et
279 1636 361 1661 non
390 1623 541 1662 recenti
570 1624 741 1674 pallidus
772 1624 896 1675 magis
926 1625 1034 1663 buxo

213 1690 301 1727 Irus
331 1700 490 1727 tuorum
521 1697 747 1740 temporum
778 1690 1018 1740 sequebaris.

211 1754 384 1806 Migrare
413 1755 558 1794 clivom
588 1757 769 1794 crederes
798 1755 1017 1794 Aricinum.
1413 1775 1451 1797 10

211 1820 294 1859 ibat
322 1821 442 1871 tripes
470 1822 655 1872 grabatus
685 1829 723 1860 et
752 1821 866 1872 bipes
896 1836 1058 1861 mensa:

212 1887 304 1925 foco
333 1886 474 1925 virenti
503 1887 663 1926 suberat
691 1889 910 1937 amphorae
939 1888 1068 1926 cervix
1083 1903 1093 1936 3

212 1951 334 1991 fuisse
362 1965 491 2002 gerres
520 1960 589 1991 aut
617 1952 776 1992 inutiles
807 1967 969 1992 maenas
1413 1972 1448 2004 15

213 2019 315 2057 odor
342 2017 556 2068 inpudicus
586 2018 694 2057 urcei
722 2019 932 2067 fatebatur,

150 2121 270 2153 XXXI
296 2133 346 2153 vv.
368 2124 429 2154 1—8
451 2123 524 2154 hab.
548 2122 578 2153 T
670 2134 689 2163 5
715 2124 828 2154 clusos
851 2123 880 2154 T
965 2123 1114 2164 lymphis
1127 2124 1260 2156 AACA:
1287 2126 1450 2166 nymphis

104 2165 161 2196 BA
275 2168 296 2196 6
319 2167 422 2208 gerit]
441 2168 516 2198 ierit
535 2166 565 2198 T
672 2179 688 2206 7
715 2178 853 2198 reuerse
870 2167 954 2207 (fiel
969 2168 1024 2198 BA
1135 2170 1155 2199 8
1180 2169 1242 2200 has
1258 2193 1266 2200 .
1287 2193 1294 2201 .
1313 2193 1320 2200 .
1343 2170 1448 2210 dapes

104 2209 165 2240 ΑΛ
180 2222 187 2241 z
211 2210 273 2241 has
290 2235 298 2242 .
318 2234 326 2241 .
348 2235 355 2241 .
373 2211 493 2242 domos
516 2211 624 2242 BACA
639 2222 647 2242 ε
671 2213 734 2242 hos
751 2235 758 2243 .
773 2236 782 2243 .
798 2236 806 2243 .
827 2212 916 2242 lares
938 2211 1100 2243 Hefnsius
1230 2223 1252 2253 9
1275 2213 1341 2244 -ica
1357 2214 1446 2246 codd*

110 2264 148 2285 ιο
172 2264 308 2293 pessem
335 2254 383 2285 CA
400 2256 482 2294 (non
501 2256 551 2295 A)
572 2259 605 2293 (e
620 2260 680 2296 pro
696 2258 732 2296 o)
823 2256 924 2286 mallo
944 2255 992 2286 CA

151 2298 292 2329 XXXII
320 2308 334 2328 1
354 2299 574 2330 kalandarum
592 2298 622 2329 L
767 2310 786 2329 2
810 2300 890 2330 uadi
917 2299 966 2330 CA
1099 2310 1119 2339 4
1144 2305 1242 2340 rapta
1265 2300 1343 2332 BA:
1376 2302 1450 2332 rufa

110 2341 159 2372 CA
287 2342 451 2384 crinibus]
478 2343 683 2374 carminibus
706 2343 761 2374 ΒΑ
876 2345 897 2374 6
921 2348 1021 2374 necte
1048 2343 1096 2374 CA
1114 2348 1196 2384 (non
1213 2344 1264 2385 A)
1284 2347 1319 2386 (e
1329 2350 1394 2385 pro
1410 2347 1448 2386 o)

108 2395 125 2424 7
155 2385 269 2426 priore
296 2386 345 2417 CA
362 2388 454 2427 (cum
471 2386 519 2426 L)
652 2398 673 2426 9
697 2398 755 2418 rus
781 2387 831 2418 CA
955 2398 989 2418 ιτ
1016 2388 1060 2418 ibi
1085 2388 1142 2418 BA
1270 2399 1310 2430 14
1334 2389 1448 2420 focum

108 2430 250 2461 ferentis
266 2431 404 2462 suborat
421 2432 583 2471 amphora
600 2442 627 2462 c.
649 2431 699 2462 CA
841 2433 879 2462 16
903 2442 1024 2463 urceus
1051 2431 1101 2463 CA
