1648 2729
196 175 667 214 EPIGRAMMATON
698 176 802 213 LIB.
834 175 919 212 XII

682 289 821 328 XCIV

195 365 473 403 Scribebamus
503 378 598 415 epos
613 379 624 413 3
661 364 827 415 coepisti
855 363 1050 403 scribere:
1094 363 1204 411 cessi,

249 431 405 468 aemula
433 444 483 468 ne
513 437 659 468 starent
689 429 862 468 carmina
891 437 1025 467 nostra
1053 428 1140 467 tuis.

196 495 391 534 transtulit
419 497 470 534 ad
499 495 666 545 tragicos
697 508 738 533 se
767 503 901 534 nostra
929 494 1072 533 Thalia
1100 495 1341 533 cothurnos:

249 560 391 611 aptasti
419 562 582 611 longum
612 568 653 598 tu
685 574 858 610 quoque·
875 574 1003 610 syrma
1031 559 1113 598 tibi.

196 628 260 664 fila
287 628 391 676 lyrae
421 625 526 664 movi
556 625 734 665 Calabris
763 627 917 664 exculta
946 624 1157 665 Camenis:
1513 640 1531 671 5

249 690 397 739 plectra
426 688 527 738 rapis
557 688 683 735 nobis,
715 688 935 735 ambitiose,
968 701 1081 726 nova.

195 755 389 792 audemus
419 761 594 792 saturas:
638 753 813 791 Lucilius
843 767 929 792 esse
957 753 1124 791 laboras.

249 820 345 857 ludo
374 819 470 857 levis
499 821 654 868 elegos:
695 826 737 856 tu
767 832 927 869 quoque
956 818 1059 857 ludis
1088 817 1207 856 idem.

196 883 292 932 quid
322 883 452 921 minus
482 897 567 922 esse
596 886 756 934 potest?
796 883 1078 934 epigrammata
1107 884 1253 932 fingere
1282 882 1421 933 coepi:

249 948 342 987 hinc
372 949 489 987 etiam
519 948 664 999 petitur
693 949 770 987 iarn
802 962 890 987 mea
918 951 1050 999 palma
1078 948 1160 986 tibi.
1493 965 1532 987 10

198 1014 308 1064 Elige
337 1014 434 1064 quid
464 1014 710 1064 nolis—quis
739 1014 845 1053 enim
875 1015 1004 1064 pudor
1033 1013 1167 1052 omnia
1195 1015 1294 1052 velle
1309 1015 1381 1051 ?—

250 1089 287 1117 et
317 1079 348 1117 si
378 1079 474 1129 quid
504 1093 585 1118 non
614 1079 682 1127 vis,
714 1082 863 1128 Tucca,
891 1079 1068 1129 relinque
1098 1078 1205 1116 mihi.

660 1197 845 1235 XCVIII

198 1273 328 1312 Baetis
358 1273 533 1312 olivifera
562 1273 710 1312 crinem
740 1272 922 1311 redimite
952 1285 1108 1319 corona,

249 1352 367 1377 aurea
396 1338 463 1389 qui
493 1338 627 1376 nitidis
656 1339 799 1376 vellera
828 1337 972 1387 tinguis
1001 1337 1114 1387 aquis
1131 1351 1142 1385 3

196 1417 314 1453 quem
346 1403 543 1452 Bromiusj
573 1417 691 1454 quem
723 1405 849 1441 Pallas
879 1410 1008 1450 amatg
1047 1402 1111 1440 cui
1139 1410 1267 1441 rector
1294 1415 1485 1452 aquarum

249 1469 396 1507 Albula
424 1468 651 1519 navigerum
681 1482 750 1519 per
778 1469 875 1506 freta
903 1467 1043 1518 pandit
1071 1467 1166 1506 iter:

195 1534 395 1573 ominibus
424 1534 535 1572 laetis
565 1542 710 1572 vestras
741 1532 958 1572 Instantius
992 1546 1079 1570 oras
1514 1549 1531 1581 5

248 1600 365 1638 intret
394 1608 432 1638 et
461 1599 526 1638 hic
554 1599 711 1650 populis
740 1606 783 1637 ut
811 1598 916 1648 prior
943 1612 1071 1636 annus
1101 1605 1174 1636 eat.

195 1679 275 1703 non
305 1665 458 1715 ignorat
488 1678 588 1703 onus
619 1665 728 1714 quod
759 1664 807 1702 sit
837 1665 1050 1702 succedere
1082 1665 1247 1711 Macro3

249 1730 315 1781 qui
346 1744 416 1768 sua
445 1730 604 1768 metitur
632 1731 809 1780 pondera
837 1730 935 1767 ferre
964 1736 1104 1779 potest.

239 1833 353 1863 XCIV
376 1833 449 1864 hab.
470 1832 499 1862 T
562 1844 581 1863 2
606 1833 672 1863 tuis
688 1832 828 1862 AABA:
854 1832 901 1862 tui
921 1831 970 1862 CA
1057 1842 1076 1870 3
1100 1831 1158 1872 ad]
1177 1836 1214 1862 ut
1237 1831 1266 1861 T
1328 1832 1528 1870 cothurnos]

195 1888 299 1907 cornu
319 1877 368 1907 CA
386 1876 456 1916 (sed
469 1881 632 1907 coturnos
647 1874 697 1913 X)
825 1885 843 1914 5
870 1875 1012 1906 calabris
1036 1875 1117 1905 AA:
1153 1875 1261 1906 doctis
1284 1875 1393 1906 BACA
1511 1876 1532 1905 6

195 1931 318 1951 nouem
336 1920 367 1951 T
451 1931 472 1959 9
496 1926 597 1959 potes
608 1906 744 1950 AACA:
768 1925 882 1959 potest
892 1919 949 1948 BA
1020 1919 1152 1958 fingere
1163 1919 1261 1958 coepi
1273 1919 1355 1948 ΑΛ·
1348 1943 1355 1950 .
1379 1918 1530 1950 sciibere

197 1963 309 2005 (LQf)
326 1964 376 1994 vel
389 1963 520 2003 fingere
544 1964 603 2005 (P)
623 1964 720 2003 coepi
737 1963 814 1993 BA:
838 1964 981 2002 pingere
998 1963 1108 2002 possis
1125 1962 1173 1993 CA
1190 1964 1274 2003 (pro
1290 1963 1370 2002 fing.
1375 1963 1387 2003 )
1402 1962 1532 2003 (poscis

345 2019 383 2038 10
408 2018 462 2037 me
479 2008 534 2037 ΒΑ
623 2007 734 2047 palma
751 2007 832 2037 ΑΑε
857 2007 946 2037 fama
961 2006 1015 2036 BA
1034 2006 1157 2046 (forma
1173 2006 1217 2043 L)
1239 2005 1289 2036 CA
1386 2016 1422 2036 11
1449 2006 1530 2046 quid

195 2051 329 2081 AACA:
357 2052 447 2091 quod
465 2051 522 2081 ΒΑ
625 2051 715 2081 enim
736 2050 827 2091 (PQ)
846 2050 896 2080 vel
909 2050 999 2080 enim
1017 2056 1069 2080 est
1088 2048 1168 2089 (L’f)
1185 2049 1243 2078 ΒΑ
1349 2047 1352 2051 ’

240 2095 387 2125 XCVIII
414 2105 433 2133 3
458 2095 610 2134 promius
629 2095 676 2125 CA
795 2104 838 2133 5—
817 2095 859 2124 -8
885 2093 1206 2134 nov.cp1gr.mBA
1332 2101 1351 2131 5
1375 2093 1531 2124 omnibus

198 2139 294 2179 (EA)
307 2139 356 2169 vel
368 2139 538 2169 ominibus
554 2138 621 2172 (X)
641 2138 690 2168 CA
756 2137 960 2168 intrantibus
972 2137 1027 2166 ΒΑ
1042 2137 1155 2176 (instr-
1171 2136 1239 2177 9)·
1264 2137 1468 2167 instantibus
1481 2136 1530 2167 CA

196 2185 216 2212 6
240 2182 331 2212 inter
349 2183 397 2213 CA
488 2187 559 2214 erat
578 2182 626 2213 CA
646 2183 736 2223 (cum
753 2181 797 2221 L)
911 2182 931 2211 8
955 2181 1092 2212 metitur
1108 2181 1185 2211 ΒΑ·
1179 2204 1185 2211 .
1210 2181 1373 2211 mentitur
1391 2179 1438 2211 CA
