1648 2729
766 120 1238 160 EPIGRAMMATON
1269 117 1374 158 LIB.
1410 121 1467 157 IV

128 239 306 288 indulget
336 245 468 275 tamen
499 236 563 274 ille
594 235 691 282 Iovi,
723 248 797 273 nec
826 233 971 272 vertice
1002 241 1112 272 moto

183 310 387 342 concretas
417 301 526 352 pigro
556 301 696 350 frigore
726 300 826 338 ridet
854 313 989 349 aquas,

129 369 237 407 sidus
269 367 519 418 Hyperborei
549 366 686 405 solitus
716 368 859 404 lassare
890 367 1042 403 Bootae
1458 381 1474 411 5

183 441 222 472 et
252 433 422 472 madidis
454 432 625 471 Helicen
656 431 903 471 dissimulare
933 429 1069 468 comis.

131 498 231 548 Quis
261 498 375 537 siccis
405 498 556 536 lascivit
585 497 697 547 aquis
728 505 766 535 et
795 497 846 534 ab
875 497 1034 534 aethere
1063 494 1192 533 ludit?

184 563 363 615 suspicor
392 565 462 602 has
492 562 603 614 pueri
633 561 812 602 Caesaris
842 575 928 600 esse
958 560 1078 599 nives.

671 674 709 709 V

130 745 199 783 Vir
228 746 358 784 bonus
388 752 427 783 et
456 758 606 794 pauper
634 744 847 793 linguaque
877 750 915 780 et
946 750 1105 792 pectore
1134 755 1257 788 verus,

184 810 281 860 quid
311 809 381 847 tibi
411 808 468 846 vis
498 809 637 846 urbem
668 807 745 857 qui,
779 806 965 853 Fabiane,
998 806 1130 856 petis?

130 874 198 925 qui
227 888 302 913 nec
332 875 423 912 leno
453 881 566 923 potes
595 886 669 911 nec
699 872 934 910 comissator
962 870 1099 910 haberi

184 953 258 978 nec
288 939 453 989 pavidos
483 938 582 976 tristi
611 951 709 976 voce
738 937 859 976 citare
889 950 990 984 reos,

131 1006 302 1044 vendere
333 1018 406 1043 nec
436 1017 558 1042 vanos
589 1002 692 1042 circa
722 1001 871 1040 Palatia
899 1003 1031 1040 fumos

184 1072 372 1121 plaudere
401 1083 475 1108 nec
505 1070 619 1108 Cano
648 1069 837 1118 plaudere
866 1080 941 1106 nec
971 1068 1199 1117 Glaphyro:

131 1137 238 1175 unde
268 1135 384 1174 miser
413 1135 551 1174 vives?
611 1136 773 1171 ‘Homo
803 1141 942 1180 certus,
976 1134 1079 1171 fidus
1108 1132 1338 1170 amicus-—'

186 1203 280 1240 Hoc
311 1200 408 1239 nihil
438 1208 522 1240 est:
562 1212 783 1249 numquam
814 1198 869 1237 sic
900 1198 1144 1236 Philomelus
1175 1197 1260 1235 eris.

663 1316 723 1353 VI

242 1387 361 1428 Credi
391 1385 540 1437 virgine
569 1384 712 1424 castior
741 1384 887 1435 pudica

241 1461 279 1492 et
309 1452 446 1491 frontis
476 1459 634 1490 tenerae
663 1450 774 1500 cupis
803 1449 938 1497 videri,

241 1532 333 1557 cum
363 1517 414 1556 sis
444 1516 658 1567 inprobior,
692 1515 914 1562 Malisiane,

242 1596 361 1633 quam
392 1581 460 1632 qui
488 1580 732 1631 compositos
762 1587 888 1618 metro
917 1579 1067 1618 Tibulli

242 1649 282 1687 in
312 1649 455 1688 Stellae
484 1646 621 1685 recitat
650 1647 774 1685 domo
803 1645 968 1684 libellos.

640 1759 749 1796 VIII

138 1832 270 1870 Prima
298 1833 514 1869 salutantes
543 1837 663 1879 atque
692 1831 813 1868 altera
841 1828 1010 1867 conterit
1039 1829 1147 1875 hora,

191 1903 344 1936 exercet
373 1908 513 1934 raucos
543 1893 656 1932 tertia
685 1893 919 1940 causidicos,

137 1961 177 2000 in
207 1961 387 2012 quintam
416 1959 544 1998 varios
575 1958 751 1997 extendit
781 1960 914 1996 Roma
942 1958 1107 2005 labores,

192 2034 300 2066 sexta
328 2025 439 2077 quies
469 2024 590 2070 lassiS,
623 2024 792 2074 septima
820 2022 908 2061 finis
938 2022 1019 2071 erit,

183 2132 232 2162 111
251 2142 270 2171 3
290 2136 383 2162 muto
394 2131 451 2161 ΒΑ
526 2140 545 2169 5
570 2129 796 2169 hyperboreis
810 2128 858 2159 CA
927 2138 944 2167 7
962 2129 1036 2168 quis
1048 2127 1268 2159 Schneidewin
1286 2140 1292 2158 ι
1311 2128 1367 2167 qui
1385 2127 1475 2157 codd.

181 2176 212 2206 V
234 2175 307 2206 lmb.
332 2175 362 2205 T
501 2184 514 2217 r
541 2184 651 2204 uanus
672 2173 720 2204 CA
737 2174 823 2213 (pro
843 2182 966 2211 uonus,
987 2173 1006 2203 i.
1022 2182 1045 2202 e.
1064 2172 1188 2211 bonus)
1290 2181 1411 2202 uersus
1430 2170 1478 2201 CA

139 2230 158 2258 3
183 2220 365 2250 comisator
382 2221 419 2248 ut
434 2217 497 2250 vid.
518 2217 568 2248 CA
678 2228 697 2256 4
722 2217 849 2256 pauido
873 2216 982 2247 stricti
1009 2216 1057 2246 CA
1198 2226 1216 2253 5
1243 2217 1370 2245 circum
1395 2213 1477 2244 AA:

141 2264 229 2294 circa
245 2263 352 2293 ΒΑΕΑ
502 2263 522 2291 6
547 2261 649 2302 cano]
669 2261 771 2300 plano
786 2260 847 2289 ΑΑ
999 2270 1015 2298 7
1042 2264 1155 2289 certus
1178 2260 1265 2290 fidus
1285 2259 1364 2291 AA:
1391 2258 1480 2288 fidus

141 2311 254 2338 certus
270 2306 379 2337 BACA
511 2306 531 2335 8
557 2305 752 2345 philomeus
768 2304 848 2334 AA:
874 2303 1083 2343 philomerus
1102 2302 1150 2333 CA

183 2351 229 2380 VI
258 2360 271 2380 1
299 2349 445 2381 castiore
463 2348 511 2379 CA
528 2352 565 2378 ut
579 2348 644 2380 vid.
781 2359 800 2378 2
824 2347 935 2379 teneri
954 2346 1002 2378 CA

183 2394 266 2426 VIII
295 2404 308 2424 1
335 2393 488 2425 continet
503 2393 579 2424 BA:
613 2392 762 2423 conterit
780 2391 828 2422 CA
960 2402 980 2430 4
1005 2395 1077 2421 erat
1096 2389 1143 2421 CA
