1648 2729
708 146 1179 185 EPIGRAMMATON
1211 147 1314 184 LIB.
1346 147 1407 185 XI

69 262 110 296 at
138 265 179 296 tu
209 271 290 296 non
320 270 450 296 cessas
480 256 571 295 totis
601 255 740 294 tussire
770 255 923 294 diebus.
1391 274 1408 305 5

124 325 219 362 Non
249 330 307 362 est
337 324 434 361 haee
465 321 593 369 tussis,
626 322 937 371 Parthenopaee,
969 322 1059 372 gula
1088 328 1156 360 est.

502 427 718 464 LXXXIX

71 506 245 544 Intactas
275 517 395 555 quare
426 503 547 541 mittis
577 502 688 551 mihi,
718 504 840 549 Polla,
872 503 1069 541 coronas?

122 584 146 609 a
173 577 212 609 te
240 577 398 608 vexatas
428 570 532 607 malo
562 575 696 607 tenere
724 581 842 606 rosas.

580 680 679 718 XCI

69 751 261 790 Aeolidos
293 751 452 790 Canace
481 749 582 788 iacet
611 751 688 788 hoc
717 750 910 787 tumulata
938 749 1159 799 sepulchro,

122 816 260 855 ultima
289 815 353 854 cui
382 829 524 865 parvae
554 814 723 865 septima
750 813 857 853 venit
886 814 1025 852 hiems.

67 883 119 920 ah
149 883 288 928 scelus,
319 882 370 919 ah
400 880 575 919 facinus!
615 893 799 930 properas
829 879 897 929 qui
926 880 1032 927 flere,
1061 878 1194 925 viator,

122 960 203 985 non
233 946 325 985 licet
354 945 419 984 hic
448 945 550 984 vitae
580 946 630 983 de
659 944 850 984 brevitate
879 944 1013 994 queri:

68 1012 214 1051 tristius
243 1019 302 1051 est
330 1013 410 1050 leto
440 1011 507 1050 leti
535 1024 686 1061 genus:
725 1010 883 1049 horrida
911 1011 1040 1048 vultus
1388 1026 1405 1058 5

122 1077 283 1128 apstulit
312 1084 351 1116 et
380 1084 516 1115 tenero
546 1075 648 1115 sedit
677 1075 717 1114 in
747 1090 814 1115 ore
843 1076 939 1123 lues,

69 1143 234 1194 ipsaque
264 1143 442 1181 crudeles
472 1143 639 1180 ederunt
668 1143 804 1180 oscula
833 1140 961 1179 morbi

122 1222 196 1247 nec
225 1209 319 1247 data
348 1215 439 1245 sunt
468 1206 587 1257 nigris
617 1214 700 1245 tota
728 1207 870 1245 labella
898 1205 1012 1256 rogis.

68 1273 107 1313 Si
137 1282 217 1312 tam
248 1272 452 1324 praecipiti
481 1274 635 1311 fuerant
663 1279 828 1311 ventura
856 1273 999 1318 volatu,

120 1339 340 1378 debuerant
369 1338 445 1377 alia
478 1339 557 1377 sata
584 1337 717 1377 venire
745 1337 818 1376 via.
1368 1352 1407 1374 10

68 1406 138 1444 sed
167 1418 273 1444 mors
301 1404 410 1443 vocis
439 1404 511 1443 iter
539 1403 761 1455 properavit
790 1404 950 1442 cludere
979 1401 1159 1448 blandae,

124 1484 175 1509 ne
204 1477 339 1521 posset
369 1471 485 1508 duras
516 1471 672 1508 flectere
705 1469 838 1519 lingua
866 1469 973 1507 deas.

566 1574 687 1613 XCII

69 1645 263 1684 Mentitur
291 1645 359 1695 qui
388 1652 427 1684 te
456 1644 656 1692 vitiosum,
684 1643 804 1691 Zoile,
836 1642 942 1682 dicit.

120 1725 202 1751 non
231 1710 394 1750 vitiosus
423 1711 546 1749 homo
577 1723 631 1758 es,
660 1709 780 1757 Zoile,
812 1710 882 1748 sed
911 1707 1061 1746 vitium.

556 1827 703 1866 XCIII

70 1898 219 1937 Pierios
248 1897 347 1937 vatis
376 1897 581 1937 Theodori
611 1898 771 1935 flamma
799 1902 962 1946 penates

120 1963 293 2003 abstulit.
355 1965 449 2002 Hoc
481 1962 610 2001 Musis
639 1969 678 2001 et
707 1960 792 2010 tibi,
822 1960 996 2007 Phoebe,
1026 1960 1184 2009 placet?

68 2030 105 2069 O
135 2031 274 2077 scelus,
306 2042 330 2068 o
360 2041 548 2078 magnum
578 2026 730 2066 facinus
759 2026 989 2075 crimenque
1018 2026 1195 2071 deorum,

118 2108 200 2134 non
228 2093 320 2133 arsit
348 2093 492 2145 pariter
519 2094 629 2144 quod
657 2093 801 2131 domus
830 2099 869 2130 et
897 2090 1108 2130 dominus!

112 2198 294 2229 LXXXVI
320 2200 341 2229 6
365 2199 449 2229 haec
466 2197 562 2238 (hec)
582 2197 722 2228 AABA:
746 2197 811 2227 hoc
831 2196 881 2228 CA
1044 2194 1231 2225 LXXXIX
1259 2205 1272 2224 1
1300 2204 1405 2234 quere

71 2243 229 2283 (quaere)
249 2242 299 2273 CA
404 2239 489 2272 mihi
502 2241 608 2272 mittis
626 2241 657 2281 Q
675 2241 728 2281 (cf.
750 2241 798 2280 F)
949 2250 968 2269 2
993 2244 1134 2270 uexatas
1150 2250 1168 2269 a
1186 2244 1218 2269 te
1234 2238 1312 2269 BA:
1335 2248 1356 2268 a
1372 2242 1404 2269 te

69 2290 212 2317 uexatas
225 2286 275 2317 CA
349 2285 451 2316 mallo
465 2285 512 2316 CA
616 2285 696 2315 XCI
718 2295 731 2314 1
750 2282 932 2323 Aeolidos]
945 2282 1061 2313 Aeolis
1072 2283 1138 2313 heu
1150 2282 1187 2313 N
1255 2283 1406 2312 canache

66 2329 156 2362 codd.
249 2341 268 2360 2
292 2329 428 2360 ultimas
445 2328 541 2369 (EA)
560 2329 611 2360 vel
623 2328 741 2359 ultima
759 2327 808 2358 CA
908 2337 928 2366 3
953 2327 995 2357 ah
1013 2327 1059 2356 bis
1074 2336 1139 2358 om.
1158 2325 1215 2356 BA
1324 2325 1405 2364 quid

68 2373 146 2404 BA:
170 2373 226 2413 qui
245 2373 294 2405 CA
313 2374 405 2415 (quia
420 2372 465 2411 E)
586 2374 607 2403 6
630 2372 739 2412 aptilit
758 2371 808 2402 CA
896 2376 1033 2402 teneros
1052 2369 1102 2401 CA
1119 2369 1199 2412 (seq.
1216 2369 1248 2409 s)
1366 2379 1406 2399 10

67 2417 155 2449 sacta
173 2417 224 2448 CA
454 2416 572 2448 XCIII
597 2415 672 2448 hab.
691 2416 752 2447 TR

109 2481 216 2503 MART.
237 2481 288 2503 ΕΡ.
308 2481 356 2503 sc,
375 2481 431 2504 En.
1278 2468 1318 2498 18
