1648 2729
725 159 1195 197 EPIGRAMMATON
1226 160 1279 196 LI
1289 160 1330 197 B.
1364 160 1423 196 IX

86 285 155 309 cur
184 284 289 309 nunc
322 273 367 308 ‘o
398 283 526 308 mores
546 270 574 307 l’
604 283 673 307 cur
701 283 807 307 nunc
840 272 885 307 ‘o
915 271 1138 319 temporal'
1168 269 1296 309 dicis?
1406 287 1422 316 5

141 337 250 386 quod
279 335 350 374 tibi
379 348 460 373 non
490 336 654 385 placeat,
687 334 923 381 caeciliane,
957 334 1053 384 quid
1083 337 1172 373 est?

89 402 196 439 nulla
225 401 372 439 ducum
403 399 545 446 feritas,
577 400 685 437 nulla
715 406 773 437 est
803 398 958 437 insania
987 399 1074 438 ferri
1090 414 1100 447 3

141 479 238 516 pace
266 465 340 503 frui
369 472 474 503 certa
502 464 728 514 laetitiaque
757 464 858 502 licet.

89 533 181 569 Non
213 530 334 569 nostri
364 530 512 568 faciunt
542 529 612 568 tibi
642 530 751 580 quod
782 537 848 568 tua
877 537 1054 580 tempora
1087 531 1260 576 sordent,

141 598 211 635 sed
241 596 388 635 faciunt
418 608 557 643 moreS‚
591 595 827 642 Caeciliane,
859 595 926 634 tui.
1387 612 1426 634 10

574 678 708 715 LXXI

91 743 251 794 Massyli
281 745 343 782 leo
372 745 477 782 fama
505 742 584 793 iugi
613 742 847 793 pecorisque
876 743 1036 781 maritus

142 808 302 859 lanigeri
331 808 473 847 mirum
503 822 581 859 qua
610 808 739 847 coiere
769 809 858 847 fide.

89 875 171 925 ipse
201 874 291 913 licet
320 874 465 920 videas,
498 887 617 912 cavea
646 874 893 912 stabulantur
922 873 961 911 in
992 888 1070 912 una

142 948 190 978 etr
209 940 352 990 pariter
380 939 506 978 socias
535 939 659 990 carpit
688 947 853 989 uterque
883 940 1028 989 dapes:

89 1019 161 1044 nec
190 1007 271 1044 fetu
302 1018 509 1044 nemorum
539 1006 713 1055 gaudent
743 1019 817 1044 nec
847 1004 1008 1043 mitibus
1043 1004 1185 1051 herbis,

142 1072 383 1110 concordem
414 1071 527 1109 satiat
557 1072 628 1109 sed
657 1070 764 1109 rudis
793 1084 894 1121 agna
924 1072 1080 1109 famem.

89 1137 199 1186 Quid
230 1137 371 1175 meruit
400 1144 522 1175 terror
552 1138 736 1183 Nemees,
770 1136 867 1186 quid
896 1136 1062 1186 portitor
1093 1138 1243 1182 Helles,

142 1210 184 1241 ut
213 1202 364 1241 niteant
392 1201 487 1241 celsi
516 1201 647 1240 lucida
676 1201 786 1251 signa
815 1201 928 1251 poli?

88 1269 216 1307 sidera
245 1267 277 1306 si
306 1275 468 1318 possent
497 1268 752 1318 pecudesque
781 1268 965 1317 feraeque
995 1267 1143 1313 mereri,

144 1333 208 1371 hic
237 1333 335 1372 aries
365 1332 488 1380 astris,
519 1332 584 1371 hic
613 1334 676 1371 leo
706 1332 848 1382 dignus
879 1340 969 1371 erat.
1392 1349 1430 1371 10

567 1416 727 1452 LXXII

90 1482 218 1528 Liber,
250 1483 465 1531 Amyclaea
493 1482 663 1519 frontem
692 1480 828 1519 vittate
858 1493 1015 1527 corona,

142 1546 210 1596 qui
239 1546 367 1596 quatis
397 1544 577 1584 Ausonia
604 1545 766 1583 verbera
796 1544 914 1583 Graia
943 1558 1073 1591 manu,

88 1614 197 1651 clusa
227 1611 323 1650 mihi
353 1619 459 1650 texto
489 1624 581 1650 cum
610 1610 776 1661 prandia
804 1609 951 1648 vimine
981 1609 1123 1657 mittas,

142 1692 211 1716 cur
239 1677 426 1716 comitata
454 1678 577 1727 dapes
606 1678 714 1714 nulla
742 1678 885 1726 lagona
912 1675 1051 1714 venit?

87 1743 197 1793 atqui
227 1742 346 1793 digna
375 1750 443 1781 tuo
473 1742 506 1781 si
534 1741 698 1781 nomine
728 1755 892 1780 munera
921 1743 1050 1788 ferres,
1411 1759 1427 1789 5

142 1808 229 1856 scis,
261 1816 368 1858 puto,
401 1807 611 1847 debuerint
640 1821 742 1858 quae
771 1806 868 1845 mihi
898 1808 1005 1846 dona
1033 1806 1127 1845 dari.

559 1897 741 1933 LXXIII

95 1962 289 2001 Dentibus
318 1961 500 2011 antiquas
530 1961 667 1999 solitus
698 1962 915 2011 producere
945 1961 1067 2010 pelles

144 2036 182 2066 et
212 2028 392 2066 mordere
421 2028 504 2065 luto
533 2034 647 2077 putre
675 2033 867 2075 vetusque
897 2027 1036 2072 solum,

133 2133 164 2171 6,
189 2142 227 2162 10
252 2131 453 2162 maeciliane
472 2130 593 2171 (mec-3
610 2131 665 2161 ΒΑ
795 2140 812 2169 7
838 2128 975 2169 ducum]
993 2130 1072 2160 dum
1091 2128 1121 2159 T
1244 2130 1264 2160 8
1289 2134 1366 2169 pate
1382 2129 1430 2160 CA

93 2181 120 2216 tt
130 2181 192 2216 pro
210 2176 242 2212 c)
375 2185 396 2214 9
419 2174 478 2206 tibi
496 2175 586 2214 quod
605 2179 662 2204 tua
679 2174 792 2205 AACA
807 2185 814 2205 ε
839 2178 895 2204 tua
910 2174 1000 2214 quod
1017 2173 1076 2204 tibi
1093 2173 1149 2203 BA

134 2219 248 2250 LXXI
266 2218 340 2250 hab.
365 2219 400 2250 T.
481 2218 569 2249 Cum
585 2218 682 2249 LXX
698 2217 851 2256 conflssA
986 2227 1000 2249 1
1026 2217 1209 2257 pecorique
1229 2216 1278 2247 CA
1409 2227 1429 2246 2

90 2263 237 2302 lanigeni
259 2262 289 2294 T
389 2258 505 2293 coiere'
518 2262 579 2292 AA
595 2262 702 2301 (coire
720 2263 767 2304 T)
784 2261 861 2292 BA:
886 2271 1033 2301 posuere
1053 2261 1100 2292 CA
1247 2270 1267 2299 4
1292 2260 1381 2300 capit
1405 2260 1435 2291 T

90 2309 111 2336 6
136 2308 239 2337 feram
257 2305 392 2337 AACA:
417 2307 540 2337 famem
565 2306 622 2336 ΒΑ
823 2316 841 2345 7
865 2305 1013 2345 portitor
1028 2304 1164 2336 AACA:
1188 2304 1344 2344 proditor
1372 2304 1430 2334 ΒΑ

89 2362 111 2390 9
136 2351 283 2389 pecudes
300 2351 381 2391 (om.
402 2350 482 2390 que)
504 2351 535 2381 T

137 2394 267 2425 LXXII
292 2405 366 2424 cum
385 2394 499 2425 LXXI
516 2394 609 2433 confl.
630 2393 677 2424 CA
777 2402 797 2432 5
822 2392 939 2432 atquin
959 2392 1008 2424 CA

138 2438 287 2469 LXXIII
314 2438 388 2469 hab.
413 2438 442 2469 T
527 2448 546 2468 2
571 2439 688 2468 morde
707 2437 756 2468 CA
