1648 2729
209 104 264 141 M.
297 104 421 141 VAL.
454 104 769 142 MARTIALIS

681 216 858 254 LXXIV

207 287 363 338 Aspicis
393 286 559 325 inbelles
589 294 785 337 temptent
814 300 931 337 quam
963 287 1077 326 fortia
1106 289 1290 327 dammae

261 352 443 404 proelia?
481 361 561 390 tam
593 352 741 390 timidis
772 360 920 402 quanta
949 352 997 391 sit
1027 352 1082 391 ira
1110 353 1230 392 feris?

208 419 246 456 in
279 426 446 457 mortem
476 417 605 468 parvis
635 431 868 456 concurrere
897 418 1091 457 frontibus
1120 420 1271 458 ardent.

262 484 344 531 Vis,
379 484 537 530 Caesar,
570 482 740 522 dammis
770 485 963 533 parcere?
1001 483 1113 522 mitte
1143 497 1271 523 canes.

695 566 847 602 LXXV

210 637 246 674 O
276 635 367 674 felix
396 634 543 682 animo,
576 634 678 682 felix,
710 634 886 684 Nigrina,
919 635 1060 673 marito

262 708 383 750 atque
412 700 514 738 inter
543 700 674 738 Latias
704 699 826 750 gloria
855 700 981 750 prima
1010 714 1154 740 nurus:

210 774 247 804 te
277 765 423 816 patrios
454 764 618 803 miscere
648 765 753 803 iuvat
783 778 873 803 cum
904 765 1072 816 coniuge
1102 780 1255 815 census,

263 832 502 881 gaudentem
535 830 644 869 socio
673 830 935 881 participique
964 831 1058 870 viro.

208 896 343 935 arserit
374 897 570 935 Euhadne
599 896 768 934 flammis
798 896 943 934 iniecta
972 897 1111 945 mariti,
1527 916 1543 946 5

263 975 337 1000 nec
367 961 495 999 minor
524 961 702 1000 Alcestin
732 963 836 999 fama
866 963 939 1000 sub
969 971 1071 1001 astra
1100 964 1220 1002 ferat:

210 1036 251 1065 tu
282 1026 444 1065 melius:
484 1034 592 1065 certo
621 1026 796 1065 meruisti
825 1026 987 1077 pignore
1016 1027 1118 1067 vitae

264 1100 306 1130 ut
336 1091 407 1130 tibi
437 1105 518 1130 non
549 1099 651 1130 esset
682 1100 807 1130 morte
837 1092 1066 1142 probandus
1096 1107 1216 1131 amor.

680 1175 855 1212 LXXVI

214 1244 326 1283 Milia
356 1244 495 1283 misisti
525 1244 622 1282 mihi
652 1258 718 1283 sex
748 1244 807 1283 bis
838 1258 932 1284 sena
962 1245 1136 1295 petenti:

266 1317 308 1348 ut
339 1309 397 1348 bis
427 1323 523 1348 sena
551 1311 673 1348 feram
704 1309 764 1348 bis
794 1311 983 1349 duodena
1011 1320 1155 1361 petam.

672 1393 870 1430 LXXVII

321 1465 552 1513 Numquam
583 1462 737 1501 divitias
767 1464 864 1501 deos
893 1463 1025 1513 rogavi

321 1536 532 1567 contentus
561 1527 728 1566 modicis
758 1541 928 1578 meoque
957 1530 1105 1568 laetus:

321 1601 542 1643 paupertas,
574 1593 729 1631 veniam
760 1593 885 1641 dabis,
916 1595 1068 1632 recede.

324 1660 491 1698 Causast
522 1672 624 1708 quae
657 1658 776 1697 subiti
805 1658 978 1708 novique
1007 1659 1118 1698 voti?

322 1725 570 1762 Pendentem
600 1725 690 1761 volo
718 1723 873 1762 Zoilum
902 1724 1046 1763 videre.
1529 1741 1547 1772 5

664 1802 885 1838 LXXVIII

216 1870 390 1910 Condita
418 1884 509 1909 cum
539 1870 611 1910 tibi
641 1870 689 1909 sit
718 1870 796 1909 iam
827 1871 1097 1922 sexagensima
1127 1871 1264 1911 messis

270 1943 307 1974 et
336 1935 455 1974 facies
486 1937 612 1974 multo
641 1937 848 1986 splendeat
876 1936 967 1974 alba
996 1936 1088 1986 pilo,

259 2039 406 2070 LXXIV
429 2039 502 2070 laab.
526 2039 556 2070 T
657 2050 676 2069 2
700 2045 766 2070 tam
784 2039 920 2071 AABA:
946 2050 1047 2079 quarn
1077 2040 1124 2071 CA
1279 2050 1300 2080 3
1323 2040 1443 2072 ardent
1467 2040 1548 2071 AA:

214 2084 341 2114 audent
364 2083 419 2113 BA
432 2082 480 2113 CA
613 2094 632 2121 4
657 2084 752 2113 canis
771 2083 820 2114 CA

260 2126 387 2157 LXXV
406 2126 479 2157 lzab.
506 2125 537 2156 T
620 2136 639 2156 2
663 2126 781 2156 latices
804 2126 834 2156 T
961 2136 980 2165 3
1005 2127 1070 2157 iarn
1087 2127 1166 2158 AA:
1193 2131 1226 2158 te
1242 2126 1349 2158 BACA
1426 2138 1550 2159 sensus

217 2170 264 2201 CA
374 2181 394 2209 4
420 2169 626 2209 participare
642 2169 703 2200 ΑΑ
719 2181 726 2200 z
749 2170 983 2209 participeque
999 2170 1107 2210 (PJF)
1127 2171 1178 2200 vel
1192 2180 1352 2210 -pemque
1367 2169 1459 2212 (LQ)
1472 2171 1548 2202 BA:

214 2214 437 2253 participique
457 2213 504 2243 CA
615 2223 634 2252 5
660 2213 782 2244 iniecta
799 2213 871 2244 Ital.
891 2225 899 2244 :
927 2215 1052 2244 inlecta
1071 2214 1206 2246 ΑΑΒΑε
1232 2214 1360 2245 intecta
1378 2214 1426 2245 CA
1528 2217 1550 2245 6

215 2258 287 2287 fera
302 2257 357 2287 ΒΑ
448 2267 465 2295 7
490 2262 582 2287 certe
602 2258 632 2296 Q
678 2256 821 2296 pignora
840 2257 887 2288 CA
933 2257 1054 2288 famam
1072 2258 1131 2288 AA
1146 2258 1198 2298 (cs.
1214 2268 1242 2289 v.
1257 2259 1314 2299 6):
1339 2258 1430 2288 uitae
1441 2257 1547 2289 BACA

262 2300 405 2331 LXXVI
432 2301 505 2331 hab.
530 2300 559 2331 T
688 2311 702 2331 1
728 2301 867 2331 miSistis
879 2300 935 2331 ΒΑ

261 2344 422 2374 LXXVII
448 2344 524 2375 hab.
546 2343 576 2374 T
661 2353 675 2374 1
703 2345 818 2383 rogaui
833 2345 915 2375 deos
929 2344 978 2375 CA
1037 2354 1056 2382 4
1080 2354 1265 2384 causasque
1281 2344 1335 2375 ΒΑ
1394 2344 1506 2375 subito
1525 2345 1554 2376 T

261 2387 442 2418 LXXVIII
461 2399 509 2418 vv.
527 2388 597 2426 1-6‚
609 2397 698 2426 9-10
713 2387 785 2419 hab.
810 2388 855 2427 T3
878 2399 929 2419 vv.
953 2398 1013 2427 1—4
1037 2388 1110 2419 hah.
1130 2387 1164 2418 R
1314 2398 1328 2419 1
1354 2389 1481 2419 mensis
1499 2388 1546 2419 CA
