1648 2729
160 135 215 172 M.
249 134 370 171 VAL.
405 132 719 171 MARTIALIS

658 246 779 286 XCII

163 329 228 368 ‘Si
257 329 353 380 quid
383 342 483 379 opus
513 328 638 376 fuerit,
671 327 745 366 scis
776 340 839 366 me
869 340 951 365 non
981 340 1067 365 esse
1096 327 1342 376 rogandum’

215 408 296 433 uno
326 394 386 433 bis
416 394 525 442 dicis,
558 396 741 440 Baccara,
773 400 910 443 terque
940 391 1016 431 die.

161 461 347 511 Appellat
375 459 498 509 rigida
527 459 644 497 tristis
675 472 738 498 me
767 471 865 497 voce
895 457 1126 496 Secundus:

215 525 328 564 audis
359 532 396 563 et
426 524 567 573 nescis,
597 526 782 572 Baccara,
811 522 907 574 quid
938 522 987 561 sit
1015 535 1126 572 opus.

161 590 300 641 pensio
330 598 368 628 te
397 603 530 628 coram
559 589 704 640 petitur
732 590 914 639 clareque
943 589 1177 638 palamque:
1479 599 1498 632 5

216 656 329 695 audis
359 664 397 694 et
426 655 565 702 nescis,
598 657 785 703 Baccara,
814 654 910 704 quid
941 653 989 692 sit
1018 666 1130 703 opus.

162 735 248 761 esse
277 734 418 772 queror
447 720 676 770 gelidasque
706 719 802 758 mihi
832 718 1019 769 tritasque
1048 720 1250 756 lacernas:

215 787 328 826 audis
358 794 396 825 et
426 785 565 833 nescis,
598 787 781 832 Baccara,
813 783 910 835 quid
940 783 989 822 sit
1018 797 1129 834 opus.

166 855 259 892 Hoc
289 866 389 903 opus
419 859 487 898 est,
521 851 652 890 subito
682 851 751 888 fias
781 857 824 888 ut
854 849 981 888 sidere
1011 856 1155 895 mutuS,

217 918 348 957 dicere
378 931 427 955 ne
458 916 593 967 possis,
626 917 821 954 Baccara:
863 914 916 953 ‘si
946 913 1043 965 quid
1072 915 1196 964 opus.'
1463 926 1501 949 10

622 1063 768 1102 XCIII

166 1152 324 1199 Narnia,
355 1152 568 1201 sulphureo
598 1163 717 1201 quam
747 1148 896 1200 gurgite
925 1148 1119 1187 candidus
1148 1146 1275 1186 amnis

221 1216 367 1263 circuit,
400 1215 562 1266 ancipiti
592 1215 654 1253 vix
683 1215 869 1254 adeunda
897 1213 1000 1264 iugo,

167 1283 263 1334 quid
293 1290 373 1320 tam
404 1295 521 1331 saepe
551 1294 684 1319 meum
714 1279 830 1318 nobis
860 1279 1059 1318 abducere
1089 1277 1285 1328 Quintum

221 1356 259 1386 te
289 1347 394 1385 iuvat
424 1354 462 1385 et
492 1348 598 1385 lenta
626 1344 845 1384 detinuisse
878 1346 1017 1383 mora?

167 1413 263 1464 quid
294 1411 538 1451 Nomentani
567 1424 726 1450 causam
757 1409 853 1448 mihi
883 1409 1013 1460 perdis
1042 1408 1168 1459 agelli,
1486 1423 1503 1453 5

221 1486 380 1529 propter
409 1477 582 1515 vicinum
612 1476 680 1527 qui
709 1475 903 1527 pretiosus
933 1477 1044 1513 erat?

168 1546 238 1583 sed
267 1543 344 1582 iam
375 1556 491 1593 parce
522 1541 629 1590 mihi,
661 1555 735 1580 nec
763 1541 937 1587 abutere,
971 1539 1131 1587 Narnia,
1164 1538 1340 1588 Quinto:

222 1616 413 1660 perpetuo
442 1608 556 1646 liceat
586 1607 641 1645 sic
670 1606 741 1646 tibi
771 1614 893 1657 ponte
922 1605 1006 1644 frui.

660 1754 799 1793 XCIV

170 1845 426 1894 Vnguentum
456 1842 592 1888 fuerat,
623 1841 733 1891 quod
762 1853 865 1890 onyx
894 1840 1017 1878 modo
1046 1851 1164 1890 parva
1191 1837 1375 1888 gerebat:

224 1907 356 1947 olfecit
385 1914 596 1958 postquam
627 1907 808 1956 Papylus,
839 1918 943 1952 ecce,
974 1911 1158 1955 garumst.

215 2011 312 2042 XCII
337 2011 411 2041 hab.
437 2010 465 2041 T
596 2017 609 2038 1
636 2009 704 2040 scis
730 2008 865 2040 AACA:
903 2007 961 2039 tibi
986 2007 1042 2039 ΒΑ
1176 2018 1196 2038 2
1220 2017 1288 2038 uno
1305 2006 1355 2037 bis
1372 2003 1504 2037 AACA:

170 2056 220 2086 bis
237 2055 334 2086 nobis
347 2054 404 2084 ΒΑ
486 2052 583 2094 dicis]
602 2052 715 2084 decies
736 2053 765 2084 T
779 2055 854 2095 (pro
870 2053 963 2083 dices
977 2054 1001 2093 ἓ)
1095 2051 1159 2090 5-8
1182 2061 1248 2082 om.
1273 2050 1327 2080 ΒΑ
1359 2050 1509 2091 (propter

170 2097 458 2136 homoeoteleuton)
601 2105 620 2135 5
644 2102 678 2128 te
707 2107 820 2128 coram
848 2096 931 2127 AA:
966 2099 1106 2126 curante
1134 2094 1181 2126 CA
1210 2096 1288 2135 (pro
1314 2103 1427 2125 coram
1453 2092 1504 2133 te)

170 2144 201 2182 6,
220 2144 239 2173 8
264 2142 315 2182 et]
335 2142 395 2172 sed
415 2141 494 2183 (set)
515 2140 561 2171 CA
639 2152 660 2180 9
684 2147 736 2172 est
752 2151 818 2171 om.
844 2139 875 2170 T
955 2143 1065 2169 mutes
1085 2138 1131 2169 CA
1211 2148 1251 2169 10
1275 2147 1339 2168 nec
1353 2136 1437 2167 AA:
1461 2147 1506 2166 ne

171 2185 279 2217 BACA
298 2185 371 2225 <scd
385 2195 453 2215 non
471 2184 509 2224 E,
529 2194 593 2215 nec
613 2184 687 2224 VB)
749 2184 778 2215 si
795 2183 874 2223 quid
891 2193 977 2223 opus
996 2182 1136 2213 Gilhert:
1160 2181 1239 2221 quid
1256 2181 1300 2212 sit
1314 2190 1400 2221 opus
1416 2179 1505 2210 codd.

215 2229 333 2260 XCIII
358 2229 430 2259 hab.
457 2228 486 2258 T
543 2237 557 2258 1
583 2229 681 2259 annis
700 2231 737 2258 ut
750 2227 813 2258 vid.
824 2227 879 2257 BA
939 2237 957 2265 4
983 2225 1178 2257 detenuisse
1194 2225 1225 2255 T
1279 2235 1296 2263 7
1321 2228 1447 2264 quanto
1459 2222 1507 2253 CA

215 2273 328 2303 XCIV
351 2273 424 2304 lzab.
452 2271 481 2302 T
586 2272 673 2303 Cum
691 2271 808 2302 XCIII
826 2270 919 2309 confl.
937 2269 994 2300 BA
1119 2279 1133 2298 1
1159 2268 1289 2299 ferebat
1304 2268 1363 2298 AA
1379 2278 1386 2298 :
1409 2276 1508 2306 gere·

171 2317 226 2348 bat
244 2316 350 2347 BACA
521 2326 540 2345 2
564 2316 709 2356 papylus
727 2314 833 2355 (-pi]-)
851 2313 986 2345 AACA:
1010 2311 1205 2353 pamphilus
1222 2310 1279 2342 BA
1388 2320 1505 2349 garum

173 2362 252 2401 (om.
275 2361 340 2398 est)
361 2359 390 2389 T
405 2359 535 2399 (ctfort.
553 2359 628 2400 ΑΑ)
648 2360 736 2400 (cum
753 2359 799 2399 E>
815 2370 822 2389 ε
846 2367 964 2397 garum
986 2361 1038 2388 est
1061 2356 1109 2388 CA
1126 2359 1153 2386 et
1169 2359 1206 2386 ut
1222 2354 1283 2387 vid.
1304 2353 1358 2385 ΒΑ
1377 2355 1506 2396 (carum

172 2414 202 2435 e.
218 2402 288 2443 PL,
309 2408 439 2443 gratum
458 2413 486 2434 e.
508 2403 552 2443 Q)
