1648 2729
107 95 111 99 ’
166 122 221 157 M.
254 121 377 158 VAL.
410 120 727 158 MARTIALIS

272 233 458 272 admittas
488 233 668 272 timidam
698 234 938 284 brevemque
968 235 1144 272 chartam

273 298 373 337 intra
402 298 539 337 limina
568 298 772 338 sanctioris
802 301 925 338 aulae.

273 364 379 403 nosti
408 372 588 415 tempora
617 372 659 403 tu
690 364 798 403 Iovis
827 363 967 412 sereni,

273 443 364 468 cum
394 431 516 480 fulget
544 429 702 480 placido
732 443 884 480 suoque
912 431 1034 477 vultu,
1464 447 1504 468 10

274 508 354 544 quo
384 495 439 532 nil
469 494 713 545 supplicibus
743 496 844 534 solet
872 508 1024 545 negare.

274 573 355 598 non
385 568 444 598 est
473 561 583 610 quod
612 568 765 598 metuas
794 573 930 610 preces
959 560 1138 610 iniquas:

274 639 493 675 numquam
522 625 685 676 grandia
714 639 788 664 nec
817 627 985 664 molesta
1012 625 1140 675 poscit

274 704 376 740 quae
405 692 525 729 cedro
554 692 740 729 decorata
767 704 1020 741 purpuraque

275 752 392 802 nigris
421 753 563 804 pagina
592 753 713 792 crevit
742 753 950 791 umbilicis.
1464 771 1502 802 ¹5

275 832 348 857 nec
378 819 592 868 porrexeris
621 819 706 866 ista,
738 820 808 857 sed
837 826 972 857 teneto

274 884 329 922 sic
359 892 562 934 tamquam
592 884 690 922 nihil
719 885 858 923 offeras
887 897 1070 934 agasque.

276 949 314 988 Si
345 949 438 988 novi
467 950 676 988 dominum
707 963 852 988 novem
882 963 1073 997 sororum,

275 1016 376 1053 ultro
406 1028 646 1065 purpureum
676 1023 783 1066 petet
813 1015 1002 1053 libellum.

681 1104 764 1141 VII

168 1173 347 1222 Qualiter
375 1173 556 1223 Assyrios
587 1181 777 1212 renovant
806 1172 992 1211 incendia
1021 1172 1148 1219 nidos,

221 1252 300 1277 una
329 1240 468 1277 decem
499 1239 683 1289 quotiens
712 1240 869 1277 saecula
897 1238 991 1276 vixit
1018 1237 1112 1285 avis,

169 1304 294 1342 taliter
323 1312 439 1342 exuta
468 1312 527 1343 est
557 1312 728 1343 veterem
758 1317 862 1342 nova
892 1305 1024 1342 Roma
1052 1310 1254 1343 senectam

222 1377 259 1408 et
289 1369 456 1420 sumpsit
485 1371 615 1408 vultus
645 1369 835 1420 praesidis
864 1369 950 1419 ipsa
979 1368 1049 1407 sui.

168 1436 245 1473 iam
275 1449 413 1485 precor
442 1435 588 1474 oblitus
618 1443 747 1482 notae,
779 1436 970 1482 Vulcane,
1003 1435 1185 1484 querelae
1487 1452 1505 1484 5

223 1514 365 1550 parce:
406 1514 541 1539 sumus
574 1500 712 1539 Martis
743 1500 857 1538 turba
886 1501 956 1538 sed
986 1507 1025 1538 et
1053 1499 1248 1538 Veneris:

169 1579 294 1615 parce,
327 1573 459 1615 pater:
498 1565 554 1604 sic
584 1565 809 1604 Lemniacis
838 1564 984 1603 lasciva
1012 1565 1161 1603 catenis

222 1630 399 1680 ignoscat
428 1631 602 1670 coniunx
631 1638 670 1670 et
699 1630 893 1681 patienter
920 1637 1037 1668 amet.

673 1720 781 1756 VIII

278 1789 465 1828 Edictum
495 1789 648 1828 domini
677 1789 822 1839 deique
851 1788 985 1836 nostri,

278 1868 357 1905 quo
387 1855 573 1893 subsellia
602 1854 767 1893 certiora
796 1856 896 1893 fiunt

277 1928 315 1959 et
344 1933 463 1970 puros
493 1933 614 1970 eques
644 1920 802 1959 ordines
831 1919 989 1969 recepit,

277 1987 372 2024 dum
403 1987 538 2024 laudat
568 1987 690 2025 modo
720 1985 858 2024 Phasis
888 1985 928 2023 in
957 1986 1122 2032 theatro,

279 2051 417 2090 Phasis
446 2051 651 2102 purpureis
681 2052 797 2090 ruber
825 2050 1002 2098 lacernis,
1487 2068 1504 2098 5

278 2125 315 2156 et
345 2116 463 2155 iactat
492 2117 647 2155 tumido
677 2117 869 2167 superbus
899 2130 990 2155 ore:

282 2183 484 2221 ‘Tandem
513 2182 765 2221 commodius
792 2181 884 2221 licet
913 2182 1062 2228 sedere,

212 2287 259 2317 VI
284 2287 304 2316 8
328 2286 404 2317 aeui
424 2286 472 2316 CA
491 2287 569 2326 (pro
585 2286 671 2324 auie,
688 2290 749 2324 pro
764 2285 868 2326 aule),
889 2286 976 2316 unde
993 2285 1082 2316 intra
1098 2285 1225 2316 lumina
1240 2295 1267 2315 s.
1286 2284 1360 2315 aevi
1377 2284 1504 2316 Mum-0

174 2342 213 2360 ιο
237 2331 370 2368 placido
386 2330 441 2360 ΒΑ
457 2342 464 2361 z
489 2330 641 2369 placidus
660 2329 707 2360 CA

214 2374 277 2404 VII
303 2384 357 2405 vv.
378 2374 528 2412 1—4l1ab.
554 2373 614 2404 TR
702 2382 721 2412 5
748 2378 848 2404 notae
866 2373 942 2404 BA:
968 2378 1104 2403 nostrae
1119 2372 1169 2403 CA
1256 2373 1276 2402 8
1300 2382 1394 2403 ames
1413 2371 1459 2403 CA

214 2417 297 2448 VIII
322 2428 342 2457 3
365 2417 485 2458 recipit
504 2417 558 2448 ΒΑ
699 2426 719 2456 5
743 2417 870 2448 rubens
893 2417 969 2447 BA:
994 2417 1094 2447 ruber
1113 2416 1161 2447 CA
