1648 2729
201 152 256 188 Μ.
289 151 412 187 VAL.
446 150 760 188 MARTIALIS

198 263 527 301 anteambulones
557 270 595 300 et
624 263 820 312 togatulos
849 261 950 300 inter

200 336 361 366 centurn
391 328 572 366 merebor
600 327 809 377 plumbeos
839 327 903 365 die
932 334 1027 374 toto,

200 407 291 432 cum
321 395 492 443 Scorpus
521 406 600 431 una
628 392 858 442 quindecim
886 405 1021 442 graves
1051 393 1147 430 hora
1518 408 1535 440 5

201 455 384 495 ferventis
413 455 496 494 auri
525 455 649 494 victor
677 456 826 493 auferat
856 456 1024 493 saccos?

203 524 296 560 Non
326 535 399 571 ego
429 534 608 559 meorum
637 520 855 570 praemium
885 520 1107 558 libellorum

202 587 354 637 —quid
383 586 489 625 enim
519 594 717 625 merentur
732 587 958 635 ?—Apulos
987 585 1104 623 velim
1134 597 1296 634 campos
1311 598 1322 633 3

203 666 283 691 non
316 652 461 702 Hybla,
492 665 573 690 non
605 665 667 689 me
696 650 852 700 spicifer
881 650 985 700 capit
1015 650 1141 697 Nilus,

205 732 277 757 nec
307 731 409 768 quae
439 718 603 767 paludes
632 716 800 755 delicata
831 715 1062 765 Pomptinas
1502 730 1540 752 ιο

205 798 251 822 ex
279 797 368 822 arce
397 782 486 821 clivi
515 789 666 832 spectat
695 795 771 820 uva
800 780 933 819 Setini.

207 849 316 899 Quid
345 847 626 898 concupiscam
657 846 810 897 quaeris
840 848 961 897 ergo?
1001 845 1194 884 Dormire.

680 939 853 976 LXXVI

318 1012 422 1057 Hoc,
456 1012 639 1056 Fortuna,
672 1008 744 1047 tibi
772 1008 927 1047 videtur
954 1009 1157 1058 aequum?

318 1075 412 1114 civis
442 1089 522 1113 non
554 1074 734 1124 Syriaeve
765 1073 1004 1120 Parthiaeve,

318 1154 391 1179 nec
421 1142 471 1179 de
501 1138 754 1189 Cappadocis
782 1152 903 1189 eques
932 1137 1100 1185 catastis,

319 1208 389 1246 sed
418 1208 468 1245 de
498 1206 614 1256 plebe
645 1204 763 1243 Remi
793 1206 1030 1254 Numaeque
1058 1217 1187 1251 verna,

319 1271 526 1317 iucundus,
559 1270 717 1320 probus,
748 1268 941 1308 innocens
969 1267 1131 1315 amicus,
1528 1284 1545 1314 5

319 1337 452 1386 lingua
480 1337 621 1374 doctus
651 1343 826 1384 utraque,
858 1333 969 1372 cuius
999 1347 1123 1371 unum
1153 1340 1222 1380 est,

321 1403 390 1441 sed
421 1414 608 1451 magnum
638 1400 777 1438 vitium
806 1401 917 1450 quod
946 1407 1005 1438 est
1033 1407 1162 1449 poeta,

320 1468 428 1517 pullo
460 1466 639 1504 Maevius
668 1467 771 1515 alget
800 1464 840 1503 in
869 1466 1037 1512 cucullo,

321 1545 443 1571 cocco
474 1531 595 1570 mulio
625 1532 747 1581 fulget
777 1530 979 1569 Incitatus.

673 1630 870 1668 LXXVII

217 1707 398 1759 Nequius
427 1721 450 1745 a
480 1708 582 1747 Caro
612 1706 709 1744 nihil
739 1719 940 1755 umquam,
975 1703 1160 1751 Maxime,
1193 1704 1340 1742 factum
1369 1711 1428 1742 est

270 1787 390 1824 quam
421 1774 530 1823 quod
559 1772 667 1810 febre
696 1773 820 1822 perit:
859 1770 952 1809 fecit
980 1778 1019 1808 et
1047 1770 1113 1808 illa
1142 1770 1262 1807 nefas.

218 1841 342 1879 Saeva
371 1852 519 1877 nocens
549 1837 667 1876 febris
696 1839 835 1875 saltem
866 1843 1056 1886 quartana
1084 1835 1249 1873 fuisses!

272 1903 414 1943 servari
443 1902 600 1942 medico
629 1902 768 1941 debuit
797 1901 861 1940 ille
890 1914 973 1939 suo.

666 2002 887 2039 LXXVIII

327 2079 409 2117 Ibis
439 2078 605 2125 litoreas,
640 2079 786 2124 Macer,
819 2078 993 2123 Salonas,

327 2144 398 2182 ibit
427 2157 510 2182 rara
538 2144 636 2182 fides
665 2156 856 2192 amorque
885 2141 979 2180 recti

268 2249 416 2279 Lxxrv
442 2259 477 2278 11
506 2248 602 2279 cliuis
621 2246 668 2277 CA

270 2293 413 2323 LXXVI
440 2303 459 2331 3
485 2292 582 2331 equis
600 2291 647 2321 CA
668 2292 748 2331 (pro
763 2300 816 2321 -es
828 2291 853 2329 2)
997 2299 1016 2327 4
1036 2292 1112 2328 post
1126 2299 1153 2319 v.
1175 2298 1192 2327 7
1207 2287 1261 2318 BA
1278 2288 1415 2328 (transp.
1427 2291 1559 2328 propter

223 2336 444 2367 leomoeoarclt.
465 2337 540 2373 sed)

270 2379 433 2410 LXXVII
459 2390 478 2418 3
502 2386 607 2410 artem
626 2383 744 2418 quarta
761 2378 781 2409 f.
801 2377 850 2408 CA
982 2376 1106 2406 fuisses
1124 2375 1176 2406 BA
1195 2386 1202 2406 :
1227 2375 1344 2405 suisset
1362 2374 1411 2405 CA
1537 2387 1555 2413 4

225 2423 280 2454 illa
297 2424 371 2454 Ital.
1040 2419 1221 2449 LXXVIII
1250 2429 1262 2449 1
1288 2419 1406 2449 alonas
1422 2418 1470 2449 CA
