1648 2729
214 151 269 187 M.
302 150 424 187 VAL.
456 150 771 188 MARTIALIS

322 261 378 299 sic
407 262 568 300 dentata
597 260 671 300 sibi
701 261 854 300 videtur
883 263 1007 312 Aegle

322 326 465 377 emptis
494 326 648 365 ossibus
680 326 902 377 Indicoque
930 341 1081 374 cornu3

324 392 379 430 sic
409 405 510 442 quae
539 391 683 441 nigrior
711 400 769 430 est
799 393 966 430 cadente
996 405 1119 439 moro,
1531 410 1548 441 5

323 465 521 495 cerussata
549 457 623 495 sibi
652 458 781 506 placet
811 457 982 506 Lycoris.

324 524 398 561 hac
427 530 465 560 et
495 530 536 560 tu
565 522 715 561 ratione
745 536 823 572 qua
852 530 969 572 poeta
997 536 1051 570 eS,

324 589 456 626 calvus
487 601 577 626 curn
607 587 735 636 fueris,
768 587 841 626 eris
871 596 1062 627 comatus.

701 671 852 707 LXXV

220 734 439 773 Dimidium
470 735 618 773 donare
647 733 750 773 Lino
779 748 899 784 quam
929 736 1088 773 credere
1117 742 1244 773 totum

271 800 338 851 qui
369 801 526 848 mavolt,
558 801 704 838 mavolt
733 801 897 850 perdere
925 799 1147 838 dimidium.

694 889 868 926 LXXVI

219 956 255 992 Ο
286 953 382 992 mihi
411 967 591 992 curarum
621 953 790 1003 pretium
821 967 902 992 non
932 953 1007 991 vile
1038 967 1228 1002 mearum,

275 1021 425 1066 Flacce‚
458 1018 676 1057 Antenorei
705 1032 794 1068 spes
824 1026 863 1057 et
891 1020 1052 1056 alumne
1081 1018 1182 1066 laris,

221 1084 368 1123 Pierios
397 1084 510 1122 differ
538 1092 676 1122 cantus
707 1083 977 1134 citharamque
1006 1097 1185 1122 sororum
1201 1098 1212 1132 ,·

272 1163 338 1188 aes
367 1149 478 1188 dabit
507 1163 554 1187 ex
582 1148 665 1187 istis
694 1151 802 1187 nulla
830 1151 959 1199 puella
989 1148 1070 1188 tibi.

220 1215 316 1265 quid
345 1214 445 1265 petis
473 1228 497 1252 a
527 1215 721 1253 Phoebo?
758 1228 944 1253 nummos
975 1215 1094 1253 habet
1121 1228 1211 1253 arca
1241 1214 1470 1263 Minervae3
1535 1231 1553 1261 5

275 1282 373 1319 haec
403 1279 514 1330 sapit,
547 1281 645 1318 haec
675 1293 814 1318 omnes
843 1281 992 1319 fenerat
1021 1294 1100 1318 una
1129 1281 1237 1319 deos.

221 1345 317 1396 quid
346 1352 513 1395 possunt
543 1345 712 1383 hederae
743 1345 891 1383 Bacchi
920 1347 1045 1384 dare?
1084 1346 1267 1384 Pallados
1295 1346 1412 1384 arbor

275 1410 438 1449 inclinat
467 1409 590 1448 varias
620 1411 796 1459 pondere
826 1410 935 1461 nigra
963 1424 1109 1449 comas.

222 1483 373 1525 praeter
401 1488 523 1525 aquas
554 1474 729 1513 Helicon
758 1483 796 1514 et
825 1484 928 1514 serta
955 1477 1135 1526 lyrasque
1163 1477 1326 1514 dearum

276 1541 330 1578 nil
359 1541 479 1578 habet
508 1548 546 1578 et
575 1553 775 1590 magnum,
806 1542 877 1579 sed
905 1540 1093 1591 perinane
1122 1542 1281 1591 sophos.
1519 1556 1557 1579 10

223 1605 318 1655 quid
347 1605 419 1643 tibi
448 1619 539 1643 cum
570 1604 737 1644 Cirrha?
775 1605 871 1655 quid
900 1619 991 1644 cum
1023 1605 1270 1645 Permesside
1299 1606 1438 1644 nuda?

278 1672 507 1709 Romanum
536 1669 696 1720 propius
726 1670 965 1721 divitiusque
993 1672 1121 1709 forum
1151 1678 1219 1709 est.

224 1735 301 1774 illic
330 1748 419 1773 aera
448 1742 614 1774 sonant:
652 1743 692 1773 at
721 1735 870 1774 circum
900 1736 1052 1787 pulpita
1080 1744 1213 1775 nostra

279 1808 317 1838 et
346 1799 493 1838 steriles
524 1801 730 1839 cathedras
761 1801 871 1839 basia
899 1803 983 1840 sola
1011 1809 1184 1852 crepant.

674 1885 896 1922 LXXVIII

227 1947 416 1997 Indignas
446 1956 640 1998 premeret
668 1948 788 1998 pestis
818 1963 909 1987 cum
939 1949 1074 1988 tabida
1102 1950 1234 1988 fauces

278 2013 398 2063 inque
428 2012 534 2063 ipsos
563 2014 692 2051 vultus
721 2022 892 2064 serperet
920 2022 1003 2052 atra
1030 2015 1125 2061 lues,

270 2117 402 2148 LXXII
429 2127 448 2155 3
471 2117 532 2147 sibi
552 2117 629 2148 BA:
652 2117 712 2148 tibi
729 2117 778 2148 CA

274 2161 401 2191 LXXV
423 2161 497 2191 hab.
524 2160 553 2190 T
667 2158 673 2162 '

272 2204 416 2236 LXXVI
442 2214 462 2242 3
486 2209 674 2242 cantusque
693 2204 883 2243 chorosque
902 2203 1072 2244 (·rusque)
1092 2204 1163 2234 BA:
1187 2209 1306 2235 cantus
1326 2204 1558 2243 citharamque

231 2249 279 2279 CA
406 2249 426 2278 8
450 2248 562 2278 uarios
577 2247 631 2276 ΒΑ
647 2259 654 2278 ;
678 2247 772 2278 uario
786 2246 977 2278 Schmieder
1089 2258 1111 2287 9
1136 2247 1234 2289 Hel.]
1249 2247 1340 2278 licon
1354 2247 1404 2278 CA
1478 2248 1560 2278 deo-

228 2302 299 2322 rum
319 2291 368 2322 CA
460 2301 499 2321 10
522 2301 658 2330 semper
673 2291 773 2321 inane
790 2291 866 2322 BA:
890 2292 951 2321 sed
969 2291 1129 2330 perinane
1148 2291 1197 2322 CA
1287 2301 1323 2322 11
1351 2291 1560 2330 permesside

228 2336 317 2366 nuda
333 2334 408 2365 BA:
435 2335 651 2374 permessidis
668 2335 757 2364 unda
776 2334 844 2365 CA:
870 2335 1050 2373 parnaside
1068 2336 1159 2366 nuda
1175 2334 1207 2375 Q
1340 2344 1379 2365 12
1403 2335 1560 2374 proprius

230 2379 338 2419 (-pius
356 2378 403 2416 E)
419 2378 641 2417 diuitiumque
661 2377 709 2408 ΕΛ
880 2388 918 2416 13
942 2379 984 2408 ad
1001 2378 1090 2410 codd.

272 2421 453 2453 LXXVIII
473 2432 492 2452 2
508 2421 617 2462 ipsos]
632 2420 756 2452 suosP
