1648 2729
171 117 226 153 M.
259 115 382 153 VAL.
415 115 733 153 MARTIALIS

618 224 841 262 LXXVIII

278 293 317 333 Si
347 293 444 333 tristi
473 293 701 333 domicenio
729 295 896 341 laboras,

277 358 435 407 Torani,
466 366 579 409 potes
608 359 753 398 esurire
783 372 951 397 mecum.

278 438 359 463 non
389 426 531 463 derunt
560 424 642 472 fibi,
674 424 706 463 Si
735 426 836 463 SOleS
865 425 1067 475 προπίνειν,

278 489 372 528 viles
404 490 670 540 Cappadocae
698 503 914 540 gravesque
943 490 1058 540 porri,

278 551 411 591 divisis
440 552 600 602 cybium
629 552 766 591 latebit
794 552 889 591 ovis.
1490 571 1507 603 5

278 625 446 668 ponetur
475 617 604 667 digitis
633 619 830 657 tenendus
859 617 956 657 ustis

278 683 387 733 nigra
415 682 605 721 coliculus
634 683 762 722 virens
791 685 946 733 patella,

277 750 474 798 algentem
505 749 627 786 modo
656 748 724 798 qui
753 748 909 798 reliquit
937 750 1108 797 hortum,

279 821 317 851 et
346 815 495 863 pultem
526 813 681 851 niveam
711 827 893 864 premens
923 815 1104 862 botellus,

279 886 317 917 et
346 880 497 929 pallens
528 879 619 917 faba
647 892 739 917 cum
769 880 936 918 rubente
964 881 1086 919 lardo.
1470 897 1507 919 10

282 945 448 982 Mensae
478 957 641 982 munera
670 944 702 982 si
731 946 839 982 voles
869 946 1080 993 secundae,

279 1016 497 1048 marcentes
526 1009 597 1047 tibi
625 1009 871 1060 porrigentur
898 1024 997 1049 uvae

279 1082 317 1112 et
346 1088 493 1113 nomen
523 1074 606 1124 pira
635 1088 737 1125 quae
766 1077 894 1114 ferunt
924 1077 1120 1125 Syrorum,

279 1147 317 1178 et
346 1153 443 1189 quas
473 1141 592 1178 docta
621 1140 810 1190 Neapolis
839 1141 994 1188 creavit,

279 1207 387 1243 lento
416 1212 623 1243 castaneae
652 1218 796 1255 vapore
825 1213 975 1244 tostae:
1468 1223 1504 1254 15

279 1270 414 1308 vinum
444 1277 486 1308 tu
515 1270 634 1309 facies
663 1271 815 1309 bonurn
845 1271 1036 1310 bibendo.

280 1337 374 1373 Post
403 1336 501 1374 haec
530 1335 665 1373 omnia
693 1337 792 1374 forte
821 1336 852 1374 si
882 1336 1057 1376 movebit

281 1402 461 1439 Bacchus
491 1414 610 1451 quam
641 1403 741 1440 solet
770 1401 1036 1449 esuritionem,

278 1474 505 1504 succurrent
534 1466 605 1505 tibi
634 1467 788 1505 nobiles
817 1467 954 1514 olivae,

280 1530 415 1569 Piceni
445 1533 568 1570 modo
597 1546 695 1582 quas
725 1534 847 1571 tulere
876 1532 984 1580 rami,
1467 1551 1507 1572 20

278 1604 317 1634 et
345 1597 497 1635 fervens
526 1597 629 1636 cicer
657 1605 695 1636 et
725 1605 862 1647 tepens
892 1598 1061 1648 lupinus.

280 1663 402 1699 Parva
431 1670 489 1700 est
518 1663 816 1713 cenula,—quis
845 1671 975 1713 potest
1004 1677 1145 1714 negare
1161 1665 1232 1702 ?—

277 1728 347 1765 sed
377 1728 500 1777 finges
530 1727 626 1765 nihil
654 1728 841 1766 audiesve
870 1729 1007 1766 fictum

278 1800 316 1830 et
344 1794 452 1831 voltu
481 1793 660 1843 placidus
689 1801 758 1832 tuo
786 1794 1019 1842 recumbes;

280 1871 354 1895 non
384 1872 557 1896 crassum
587 1859 774 1898 dominus
803 1861 906 1909 leget
934 1861 1122 1898 volumen
1137 1874 1147 1908 ,-
1465 1876 1504 1908 25

279 1925 348 1962 sed
378 1925 486 1973 quod
516 1938 590 1962 nec
618 1938 733 1974 grave
762 1924 811 1963 sit
839 1939 913 1963 nec
942 1925 1168 1972 infacetum,

279 1989 384 2038 parvi
414 1989 510 2028 tibia
539 1989 710 2040 Condyli
739 1990 907 2029 sonabit.
1464 2009 1507 2039 30

280 2056 394 2093 Haec
424 2062 481 2093 est
511 2056 662 2094 cenula.
722 2055 932 2095 Claudiam
961 2055 1146 2105 sequeris.

280 2120 411 2168 Quam
441 2120 557 2159 nobis
587 2120 698 2171 cupis
727 2134 813 2159 esse
842 2128 884 2159 tu
913 2120 1113 2172 priorem?

215 2222 395 2253 LXXVIII
423 2234 439 2262 7
466 2223 581 2263 nigras
599 2223 648 2254 CA
718 2224 883 2254 culiculus
904 2224 958 2253 LA
1068 2225 1088 2254 8
1111 2224 1167 2263 qui
1183 2224 1281 2254 modo
1298 2224 1352 2254 ΒΑ
1466 2234 1505 2264 13

171 2266 298 2307 serunt]
319 2271 441 2306 perunt
457 2266 513 2296 ΒΑ
718 2277 755 2306 15
781 2272 890 2298 testae
917 2267 965 2298 CA
983 2269 1073 2308 (cum
1089 2266 1118 2297 L
1136 2271 1211 2298 ante
1225 2268 1324 2307 corr.)
1343 2268 1378 2308 (e
1391 2272 1452 2307 pro
1467 2270 1502 2307 ο)

170 2320 210 2347 24
236 2311 369 2349 placido
385 2309 438 2341 L:
467 2310 610 2350 placidis
636 2310 683 2341 CA
923 2322 966 2350 29
989 2322 1055 2351 quo
1078 2322 1141 2342 nec
1157 2311 1231 2343 BA:
1256 2312 1345 2350 quod
1367 2322 1436 2342 non
1455 2311 1503 2342 CA

170 2363 212 2391 30
235 2353 286 2383 vcl
299 2354 436 2393 condyli
593 2364 634 2393 32
659 2354 774 2395 nobis]
801 2354 878 2385 novi
895 2354 988 2395 Duſjr
1096 2355 1284 2395 turpiorem
1300 2354 1350 2387 ed.
1367 2365 1397 2387 a.
1421 2365 1503 2394 1473

172 2397 245 2437 (scd
258 2397 296 2436 cf.
318 2396 508 2439 Greenough
525 2397 632 2429 Ham.
652 2397 750 2430 Stud.
770 2398 789 2429 i.
810 2399 889 2440 191)
