1648 2729
726 126 1198 165 EPIGRAMMATON
1230 127 1334 165 LIB.
1367 122 1426 165 IV

593 238 712 275 XXX

201 313 351 352 Baiano
380 315 516 363 procul
545 326 569 351 a
597 315 696 360 lacu,
728 327 949 361 monemus,

199 378 379 429 piscator,
410 380 511 429 fuge,
543 392 593 417 ne
622 392 771 418 nocens
801 381 974 418 recedas.

199 444 317 482 sacris
346 443 521 494 piscibus
551 445 625 482 hae
655 452 839 482 natantur
868 446 1010 491 undae,

200 508 266 558 qui
295 517 440 548 norunt
469 509 677 548 dominum
707 523 951 560 manumque
979 510 1161 549 lambunt

199 573 316 621 illam,
348 587 427 624 qua
454 574 552 612 nihil
582 582 640 613 est
668 574 708 612 in
738 575 834 613 orbe
863 575 999 613 maius.
1411 595 1428 625 5

200 639 297 689 quid
326 641 435 689 quod
465 653 613 678 nomen
643 640 792 679 habent
822 648 860 679 et
889 641 940 679 ad
971 640 1144 691 magistri

199 717 338 743 vocem
368 704 536 755 quisque
565 705 624 744 sui
653 706 761 744 venit
789 706 960 744 citatus?

202 771 295 808 Hoc
323 771 528 820 quondam
558 771 679 821 Libys
709 771 852 821 impius
882 772 1092 821 profundo,

200 836 296 873 dum
326 837 514 885 praedam
544 838 698 875 calamo
727 844 919 876 tremente
949 837 1069 884 ducit,

200 900 318 951 raptis
347 901 563 940 luminibus
592 910 754 952 repente
783 916 924 941 caecus
1392 919 1432 941 10

200 974 359 1016 captum
389 980 470 1005 non
500 966 629 1016 potuit
657 967 790 1006 videre
819 967 980 1017 piscem,

162 1057 171 1061 -
201 1040 239 1069 et
268 1045 376 1070 nunc
405 1032 808 1083 sacrilegos-perosus
837 1034 978 1071 hamos

203 1097 373 1135 Baianos
403 1099 515 1136 sedet
543 1099 595 1136 ad
624 1099 732 1136 lacus
762 1106 927 1148 rogator.

200 1164 254 1201 At
283 1170 336 1210 tu,
369 1164 464 1202 dum
494 1172 618 1214 potes,
650 1164 842 1203 innocens
872 1165 1013 1202 recede

201 1228 311 1267 iactis
341 1228 586 1279 simplicibus
616 1229 714 1268 cibis
743 1229 783 1267 in
814 1230 952 1276 undas,
1393 1246 1430 1277 15

203 1301 240 1332 et
269 1293 397 1345 pisces
426 1308 611 1333 venerare
640 1294 842 1333 delicatos.

581 1418 721 1454 XXXI

97 1499 217 1547 Quod
247 1497 359 1549 cupis
388 1498 429 1536 in
459 1498 600 1537 nostris
631 1498 790 1549 dicique
819 1498 974 1549 legique
1004 1499 1146 1538 libellis

149 1572 188 1602 et
215 1565 432 1602 nonnullus
460 1565 590 1602 honos
619 1564 791 1603 creditur
819 1564 892 1603 iste
922 1564 1004 1611 tibi,

95 1643 145 1668 ne
174 1630 326 1667 valeam
356 1628 388 1667 si
416 1642 498 1667 non
528 1642 588 1667 res
618 1636 677 1667 est
705 1629 924 1679 gratissima
953 1629 1070 1668 nobis

150 1701 189 1732 et
217 1695 309 1732 volo
338 1702 376 1732 te
405 1693 548 1732 chartis
579 1693 788 1733 inseruisse
818 1694 927 1733 meis.

96 1761 166 1798 sed
195 1767 237 1798 tu
266 1773 415 1798 nomen
443 1760 567 1798 habes
596 1773 733 1798 averso
761 1761 872 1798 fonte
906 1774 1084 1799 sororum
1416 1778 1433 1808 5

149 1824 377 1875 inpositurn,
407 1833 531 1864 mater
559 1827 668 1875 quod
698 1825 770 1864 tibi
799 1827 897 1864 dura
926 1826 1061 1874 dedit3

96 1891 206 1940 quod
234 1904 309 1929 nec
339 1892 608 1940 Melpomene,
641 1892 750 1940 quod
779 1905 854 1929 nec
884 1891 1145 1941 Polyhymnia
1173 1891 1298 1942 possit

151 1969 225 1994 nec
253 1955 318 2005 pia
346 1969 437 1993 cum
468 1956 635 1994 Phoebo
664 1955 796 1994 dicere
826 1955 1016 2006 Calliope.

97 2034 189 2071 ergo
217 2020 381 2070 aliquod
409 2028 562 2071 gratum
594 2021 721 2059 Musis
751 2021 823 2059 tibi
852 2035 999 2060 nomen
1028 2022 1199 2072 adopta:

153 2100 234 2125 non
263 2100 419 2137 semper
448 2087 551 2125 belle
580 2086 723 2125 dicitur
755 2091 763 2107 ‘
780 2087 1065 2137 Hippodame.'
1399 2104 1435 2126 10

142 2191 247 2222 XXX
273 2201 287 2221 1
314 2191 585 2226 monemusBA:
610 2192 734 2222 recede
753 2192 800 2222 CA
899 2192 920 2221 6
943 2191 1108 2230 quidquid
1127 2202 1158 2223 n.
1179 2191 1227 2222 CA
1316 2192 1336 2221 8
1361 2191 1434 2221 irni-

100 2247 162 2275 pus
182 2235 230 2266 CA
351 2245 389 2265 12
414 2245 556 2274 perosos
574 2235 624 2266 CA
748 2245 788 2274 13
814 2240 954 2274 rogatur
972 2235 1020 2266 CA
1039 2238 1077 2265 ut
1093 2234 1157 2266 vid.
1284 2236 1323 2266 16
1347 2235 1435 2265 bene

100 2290 175 2310 rare
193 2279 242 2309 CA
261 2278 294 2319 (ι’.
309 2289 332 2308 e.
350 2279 423 2318 ue-)

145 2322 265 2353 XXXI
292 2323 366 2353 hab.
391 2322 421 2352 T
525 2333 544 2352 2
571 2323 634 2353 iste
651 2322 734 2354 AA:
758 2333 836 2354 esse
851 2322 961 2353 BACA
1080 2332 1099 2362 5
1125 2322 1237 2353 fronte
1256 2321 1304 2352 CA
1415 2324 1435 2351 6

100 2367 163 2397 sibi
184 2366 232 2397 CA
372 2376 393 2405 9
416 2366 558 2406 adopta]
577 2367 618 2396 ad
636 2376 723 2405 opus
741 2366 789 2396 CA
934 2377 973 2398 10
996 2365 1086 2396 bella
1114 2365 1145 2396 T
1228 2366 1435 2406 hippodame

103 2410 204 2451 gipp)
223 2410 303 2441 AA:
328 2409 554 2450 hippodamus
574 2411 664 2451 <hy-)
684 2410 791 2441 ΒΑΕΔ
