1648 2729
204 164 259 200 M.
292 164 416 201 VAL.
447 164 760 203 MARTIALIS

766 276 864 312 XVI

202 346 301 383 Sunt
331 345 446 391 bona,
478 352 569 383 sunt
597 346 793 395 quaedam
824 345 1048 392 mediocria,
1081 353 1171 384 sunt
1201 348 1304 385 mala
1332 348 1443 397 plura

255 422 356 459 quae
385 409 480 460 legis
510 409 598 448 hic:
627 410 738 449 aliter
767 424 847 449 non
877 412 930 457 fit,
963 411 1089 458 Avite‚
1121 411 1228 451 liber.

748 522 872 559 XVII

307 597 425 647 Cogit
454 611 517 636 me
546 597 660 635 Titus
689 597 849 636 actitare
878 611 1015 636 causas

307 670 345 700 et
374 661 469 700 dicit
499 662 595 700 mihi
623 676 740 713 saepe
773 664 944 713 ‘Magna
973 677 1032 702 res
1061 666 1144 702 est?

307 729 389 766 Res
419 741 561 778 magna
589 735 657 774 est,
689 727 790 774 Tite,
823 741 941 778 quam
971 728 1064 767 facit
1092 730 1269 768 colonus.

736 845 883 882 XVIII

199 919 308 968 Quid
337 927 385 965 te,
418 920 566 966 Tucca,
595 918 701 957 iuvat
730 921 862 957 vetulo
893 920 1056 959 miscere
1087 922 1255 960 Falerno

250 984 290 1022 in
320 983 522 1022 Vaticanis
551 983 713 1022 condita
741 993 870 1023 musta
898 986 1036 1024 cadis?

198 1049 294 1099 quid
324 1056 477 1087 tantum
507 1050 633 1087 fecere
663 1049 759 1087 boni
788 1049 859 1088 tibi
888 1050 1059 1100 pessima
1087 1051 1208 1089 vina?

250 1122 317 1152 aut
346 1114 443 1164 quid
472 1115 649 1153 fecerunt
677 1114 828 1165 optima
856 1115 947 1153 vina
976 1116 1100 1154 mali?

197 1181 247 1218 de
277 1179 392 1218 nobis
421 1179 535 1218 facile
564 1187 633 1226 est,
665 1181 792 1218 scelus
823 1188 882 1218 est
910 1180 1084 1231 iugulare
1116 1183 1325 1220 Falernum
1512 1199 1528 1229 5

251 1253 288 1283 et
317 1246 411 1283 dare
441 1246 648 1294 Campano
677 1245 805 1283 toxica
834 1258 949 1284 saeva
977 1260 1096 1284 mero.

197 1310 384 1349 convivae
414 1323 591 1348 meruere
620 1310 676 1348 tui
704 1311 868 1349 fortasse
897 1311 1044 1361 perire:

250 1377 442 1425 amphora
470 1389 551 1414 non
582 1375 723 1414 meruit
752 1383 832 1414 tam
862 1376 1032 1426 pretiosa
1062 1377 1171 1415 mori.

760 1487 860 1523 XIX
926 1512 927 1516 ,

197 1562 236 1600 Si
267 1561 440 1608 memini,
471 1563 624 1600 fuerant
653 1561 725 1600 tibi
754 1570 949 1612 quattuor,
981 1562 1104 1609 Aelia,
1137 1564 1299 1601 dentes:

251 1626 399 1676 expulit
427 1640 506 1665 una
535 1628 636 1665 duos
666 1627 782 1665 tussis
812 1635 851 1666 et
879 1641 959 1666 una
987 1629 1100 1666 duos.

198 1692 274 1729 iam
305 1705 441 1730 secura
469 1699 582 1742 potes
611 1692 704 1731 totis
734 1692 874 1731 tussire
903 1692 1070 1731 diebus:

252 1757 304 1794 nil
335 1756 420 1795 istie
450 1758 559 1806 quod
588 1765 676 1807 agat
705 1757 818 1796 tertia
847 1758 963 1796 tussis
993 1758 1122 1796 habet.

778 1863 856 1899 XX

200 1938 274 1976 Dic
304 1937 411 1983 mihi,
444 1937 530 1986 quis
561 1939 665 1976 furor
694 1941 782 1977 est?
810 1939 924 1977 turba
953 1945 1156 1988 spectante
1184 1945 1324 1977 vocata

251 2004 357 2041 solus
388 2003 552 2050 boletos,
586 2003 821 2050 Caecssiane,
854 2017 977 2042 voras.

198 2068 307 2117 Quid
337 2067 501 2117 dignum
532 2075 642 2106 tanto
672 2068 743 2106 tibi
771 2076 906 2107 ventre
935 2070 1105 2118 gulaque
1134 2068 1356 2118 precabor?

253 2134 437 2171 Boletum
467 2134 624 2182 qualem
655 2133 846 2172 Claudius
875 2134 967 2180 edit,
999 2135 1103 2172 edas.

241 2235 320 2266 XVI
345 2235 417 2267 hab.
437 2235 470 2265 R
601 2245 620 2265 2
645 2236 681 2266 fit
697 2235 833 2266 AABA:
859 2237 904 2267 sit
922 2236 971 2268 CA
988 2238 1019 2273 (s
1032 2242 1094 2277 pro
1109 2236 1143 2276 f)

197 2279 359 2354 cassvclaelg
384 2279 457 2310 hab.
477 2279 510 2308 R
738 2280 759 2309 6
782 2290 884 2311 saeua
910 2281 1049 2320 (scaeua
1063 2280 1138 2320 ΑΛ)
1164 2289 1256 2310 mero
1280 2278 1420 2309 AABA:
1451 2279 1530 2310 uina

242 2366 309 2396 XX
333 2366 406 2396 hab.
423 2366 456 2396 R
527 2376 540 2396 1
563 2365 656 2396 furor
673 2365 740 2406 est]
758 2365 905 2397 sur-orem
919 2367 952 2397 R
969 2368 1048 2406 (-em
1062 2372 1124 2407 pro
1140 2373 1172 2405 e,
1185 2366 1204 2398 i.
1215 2376 1238 2397 e.
1257 2367 1324 2406 est)
1401 2375 1421 2404 3
1446 2376 1529 2396 uen-

196 2411 238 2440 tri
257 2410 423 2449 gulaeque
443 2409 585 2450 (-leque)
604 2409 659 2438 ΒΑ
