1648 2729
716 126 1187 166 EPIGRAMMATON
1220 128 1323 166 LIB.
1356 129 1416 166 IV

82 252 173 289 ergo
202 251 276 277 nec
304 237 454 289 argenti
483 251 550 276 sex
579 236 748 288 scripula
778 236 992 287 Septiciani

135 303 254 342 missa
282 316 357 341 nec
385 317 408 341 a
437 303 602 353 querulo
632 316 777 352 mappa
806 302 950 342 cliente
979 302 1062 350 fuit,

80 368 343 419 Antipolitani
372 381 445 406 nec
475 381 576 418 quae
605 368 656 406 de
685 366 875 417 sanguine
904 366 1043 417 thynni
1398 385 1415 415 5

135 441 235 473 testa
263 434 389 481 rubet,
420 447 495 472 nec
524 446 626 483 quae
655 440 815 471 cottana
843 446 962 483 parva
989 432 1097 483 gerit,

81 513 155 538 nee
184 512 412 549 rugosarum
442 498 574 537 vimen
603 498 722 536 breve
752 497 997 545 Picenarum,

135 564 265 604 dicere
295 571 333 603 te
362 577 498 614 posses
528 571 571 602 ut
600 562 827 602 meminisse
857 562 966 601 mei?

81 630 255 680 decipies
283 629 381 668 alios
410 629 538 668 verbis
567 630 756 679 voltuque
785 628 971 679 benigno,

135 709 226 733 nam
257 694 353 733 mihi
382 694 459 733 iam
490 701 608 733 notus
637 693 904 733 dissimulator
933 693 1017 732 eris.
1379 708 1418 731 10

532 794 748 831 LXXXIX

190 866 290 912 Ohe,
322 864 399 902 iam
430 863 522 902 satis
552 871 620 910 est,
653 864 741 911 ohe,
772 863 915 910 libelle,

188 929 265 968 iam
296 929 546 980 pervenimus
576 941 702 978 usque
731 929 782 966 ad
812 927 1034 966 umbilicos.

190 1002 230 1032 tu
260 994 474 1044 procedere
502 993 635 1031 adhuc
665 999 703 1030 et
731 991 786 1030 ire
815 991 982 1042 quaeris,

190 1072 263 1097 nec
292 1071 447 1097 summa
476 1065 589 1108 potes
618 1056 657 1095 in
688 1056 826 1095 schida
855 1056 989 1104 teneri,

190 1124 244 1163 sic
274 1132 477 1174 tamquam
507 1122 579 1162 tibi
608 1136 668 1161 res
697 1130 855 1172 peracta
885 1136 965 1160 non
996 1121 1056 1169 sit,
1397 1137 1415 1168 5

189 1203 291 1240 quae
320 1189 446 1240 prima
474 1202 635 1238 quoque
664 1187 806 1238 pagina
835 1194 992 1237 peracta
1021 1194 1089 1225 est.

188 1255 265 1293 iarn
296 1256 419 1293 lector
447 1253 701 1304 queriturque
731 1252 956 1303 deficitque,

189 1320 266 1358 iam
296 1319 474 1358 librarius
504 1321 580 1357 hoc
610 1327 648 1357 et
677 1318 761 1369 ipse
790 1317 886 1357 dicit

193 1386 315 1433 ‘Ohe‚
346 1385 425 1423 iam
455 1384 547 1423 satis
577 1392 646 1432 est,
678 1385 765 1430 ohe,
797 1383 953 1422 libelle)

124 1501 173 1522 vv.
195 1489 365 1529 7-10l1ab.
388 1489 428 1527 T;
457 1499 506 1520 vv.
523 1498 610 1528 9—10
626 1489 660 1519 R
784 1498 804 1527 3
830 1487 880 1518 vel
893 1487 1075 1527 Septitiani
1201 1496 1221 1526 5
1245 1486 1416 1526 Antipoli-

82 1539 163 1565 tano
179 1534 234 1564 ΒΑ
366 1534 386 1563 8
410 1533 521 1572 possis
544 1532 574 1563 T

127 1576 314 1608 LXXXIX
337 1577 358 1606 6
382 1581 519 1616 peraeta
537 1580 588 1607 est
603 1575 680 1606 BA:
706 1579 844 1606 notatur
863 1574 909 1606 CA
1043 1585 1059 1614 7
1085 1573 1278 1614 defecitque
1295 1574 1350 1604 ΒΑ
