1648 2729
775 123 1247 164 EPIGRAMMATON
1281 126 1384 164 LIB.
1415 127 1452 162 V

224 236 408 282 Hermes,
440 248 560 285 quem
591 234 703 274 timet
734 234 878 273 Helius
908 236 979 274 sed
1009 250 1145 284 unum,
1434 255 1451 284 5

226 301 407 348 Hermes,
439 300 502 339 cui
532 300 638 339 cadit
668 301 872 339 Advolans
902 302 973 339 sed
1002 301 1082 349 uni,

227 367 398 404 Hermes
428 365 585 404 vincere
615 380 689 405 nec
719 365 831 405 ferire
861 367 1016 413 doctus,

225 432 396 470 Hermes
427 430 707 481 subpositicius
738 430 812 470 sibi
841 430 936 482 ipse,

226 499 398 535 Hermes
428 497 588 536 divitiae
617 497 865 545 locariorum,

226 564 398 601 Hermes
428 576 521 601 cura
550 563 741 613 laborque
770 562 981 610 ludiarum,
1417 580 1455 602 10

226 629 398 667 Hermes
427 629 614 680 belligera
643 629 837 680 superbus
867 630 990 676 hasta,

226 695 398 733 Hermes
427 708 627 745 aequoreo
657 694 789 733 minax
818 695 1000 742 tridente,

227 761 399 799 Hermes
429 760 582 799 casside
612 761 799 812 languida
829 761 1041 808 timendus,

226 827 398 864 Hermes
427 825 548 876 gloria
579 826 718 865 Martis
748 826 928 874 universi,

227 892 398 930 Hermes
429 891 563 930 omnia
592 893 698 930 solus
729 900 767 930 et
797 900 854 931 ter
883 906 996 931 unus.
1419 910 1454 939 15

622 1003 740 1039 XXV

121 1080 129 1096 ‘
147 1075 448 1126 Quadringenta
477 1075 548 1114 tibi
579 1089 659 1114 non
690 1084 792 1123 sunt,
826 1077 1127 1116 Chaerestrate:
1167 1090 1292 1126 surge,

174 1143 310 1180 Le'itus
340 1155 433 1180 6006
462 1140 598 1179 venit:
638 1149 708 1188 sta,
741 1143 841 1192 fuge,
874 1155 995 1189 curre,
1029 1143 1131 1180 late.'

121 1206 279 1257 Ecquis,
311 1206 360 1254 io,
393 1214 550 1245 revocat
579 1206 934 1257 discedentemque
964 1206 1148 1246 reducit?

174 1271 320 1323 ecquis,
352 1271 403 1320 io,
434 1273 558 1323 largas
588 1271 728 1322 pandit
756 1272 908 1311 amicus
939 1274 1065 1322 opes?

120 1351 239 1388 quem
269 1337 413 1376 chartis
442 1339 651 1387 famaeque
680 1338 822 1376 damus
852 1337 1089 1388 populisque
1119 1339 1396 1388 loquendum?
1441 1356 1457 1384 5

175 1403 262 1453 quis
293 1403 447 1454 Stygios
477 1416 559 1441 non
588 1404 669 1442 volt
699 1410 806 1441 totus
835 1402 944 1442 adire
974 1405 1115 1441 lacus?

121 1471 210 1516 hoc,
242 1482 348 1519 rogo,
380 1482 462 1507 non
492 1468 633 1507 melius
663 1482 783 1519 quam
814 1469 933 1507 rubro
963 1468 1116 1519 pulpita
1144 1468 1284 1508 nimbo

176 1547 356 1584 spargere
385 1542 423 1573 et
453 1535 577 1572 effuso
607 1533 878 1584 permaduisse
907 1536 1057 1573 croco?

123 1613 242 1650 quam
273 1613 354 1638 non
385 1613 549 1638 sensuro
578 1601 672 1638 dare
702 1599 991 1650 quadringenta
1020 1600 1186 1647 caballo,

175 1678 316 1704 aureus
346 1672 389 1703 ut
419 1664 557 1716 Scorpi
586 1679 705 1704 nasus
735 1665 885 1715 ubique
914 1665 1070 1704 micet?
1423 1682 1463 1703 10

123 1731 159 1769 O
189 1731 329 1768 frustra
358 1731 547 1780 locuples,
578 1744 602 1769 o
632 1730 899 1769 dissimulator
926 1730 1056 1779 amici,

177 1797 276 1835 haec
305 1795 401 1846 legis
431 1803 469 1834 et
498 1797 666 1835 laudas?
715 1797 829 1845 Quae
859 1796 932 1835 tibi
960 1797 1065 1834 fama
1094 1795 1221 1847 perit!

610 1908 750 1944 XXVI

126 1985 249 2034 Quod
277 1985 396 2034 alpha
416 1982 516 2031 dixi,
549 1984 693 2031 Corde,
726 1984 1028 2033 paenulatorum

125 2058 163 2088 te
192 2062 329 2099 nuper,
360 2049 493 2099 aliqua
521 2062 613 2087 cum
643 2048 792 2087 iocarer
821 2048 861 2087 in
891 2050 1035 2098 charta,

125 2115 157 2154 si
186 2116 285 2153 forte
314 2114 436 2153 bilem
466 2114 589 2153 movit
618 2114 682 2153 hic
712 2114 784 2153 tibi
813 2128 958 2162 versus,

126 2180 234 2218 dicas
263 2179 398 2219 licebit
426 2180 521 2221 beta.
549 2193 613 2218 me
643 2187 877 2230 togatorum.

170 2284 290 2315 XXIV
312 2285 332 2314 8
355 2284 420 2324 ipsi
436 2284 510 2316 BA:
537 2284 610 2324 ipse
628 2283 688 2314 CA.
782 2294 821 2314 12
844 2293 1016 2323 aequorea
1034 2282 1083 2313 CA

171 2328 272 2358 XXV
295 2339 314 2358 2
342 2328 444 2359 Letus
459 2328 514 2358 BA
604 2327 673 2368 sta]
691 2330 740 2360 st!
758 2327 982 2359 Schneidewin
1101 2327 1122 2357 6
1145 2327 1200 2367 qui
1218 2327 1273 2357 BA
1288 2337 1294 2358 :
1320 2328 1395 2366 quis
1415 2328 1463 2357 (A

130 2382 166 2402 11
192 2372 291 2403 amici
304 2371 379 2403 BA:
405 2372 512 2403 amice
531 2371 579 2402 CA

171 2415 288 2447 XXVI
313 2415 386 2449 hab.
412 2416 442 2447 T
525 2427 545 2446 2
570 2415 701 2447 locares
718 2421 754 2446 ut
768 2414 831 2447 vid,
855 2414 904 2446 CA
1007 2425 1027 2454 4
1051 2414 1150 2446 beata
1171 2414 1214 2448 T:
1240 2414 1352 2445 betam
1371 2414 1419 2445 CA
