1648 2729
710 141 1182 180 EPIGRAMMATON
1216 142 1320 179 LIB.

77 263 116 294 et
145 263 252 305 teges
281 262 319 292 et
348 253 477 292 cimex
505 261 544 291 et
573 252 670 291 nudi
700 253 855 302 sponda
883 251 1044 301 grabati,

131 327 170 359 et
199 319 327 358 brevis
355 327 475 369 atque
504 319 644 357 eadem
675 325 792 356 nocte
821 317 966 366 dieque
995 325 1097 367 toga.

78 386 115 425 O
145 398 265 436 quam
296 397 460 434 magnus
490 385 613 422 homo
643 396 683 422 es
713 383 781 433 qui
811 384 920 421 faece
949 382 1125 421 rubentis
1154 383 1255 420 aceti

132 458 171 490 et
200 450 344 501 stipula
373 458 412 489 et
441 449 553 500 nigro
582 462 685 500 pane
715 462 846 487 carere
876 452 1013 499 potes!

79 516 314 556 Leuconicis
342 517 514 566 agedum
544 522 693 553 tumeat
724 514 794 553 tibi
823 514 967 552 culcita
996 514 1094 552 lanis

131 581 452 631 constringatque
482 588 570 619 tuos
600 594 772 631 purpura
801 593 901 629 pexa
930 588 1059 618 toros:

77 660 102 686 o
131 660 251 698 quam
281 654 323 685 tu
353 646 489 696 cupies
518 654 576 684 ter
604 645 733 684 vivere
764 644 942 683 Nestoris
972 658 1099 683 annos

131 720 170 751 et
199 712 297 750 nihil
326 725 373 750 ex
402 713 482 750 ulla
510 712 674 761 perdere
704 712 792 749 luce
821 712 954 748 voles!

78 778 216 817 Rebus
245 777 286 816 in
314 776 490 827 angustis
519 776 632 814 facile
661 784 720 814 est
749 784 1004 814 contemnere
1034 775 1179 814 vitam:

130 843 280 882 fortiter
307 843 372 881 ille
401 842 493 881 facit
522 841 590 892 qui
620 842 737 880 miser
765 855 851 880 esse
880 849 1022 891 potest.

576 984 695 1022 LVII

79 1072 234 1111 Miraris
263 1073 384 1111 docto
413 1073 523 1122 quod
552 1071 727 1110 carmina
756 1070 870 1109 mitto
900 1072 1055 1117 Severo,

131 1140 183 1178 ad
212 1152 352 1177 cenam
382 1152 474 1177 cum
504 1146 552 1185 te,
585 1139 704 1177 docte
733 1139 887 1184 Severe,
918 1139 1091 1176 vocem?

80 1204 258 1256 Iuppiter
285 1203 485 1243 ambrosia
513 1211 620 1242 satur
648 1211 707 1242 est
736 1211 774 1242 et
803 1210 962 1241 nectare
991 1202 1084 1240 vivit
1099 1217 1108 1249 3

130 1284 203 1309 nos
233 1278 367 1309 tamen
397 1277 484 1308 exta
514 1269 600 1307 lovi
629 1270 751 1308 cruda
780 1282 1014 1318 merumque
1043 1269 1195 1306 damus.

76 1335 211 1375 omnia
239 1349 331 1374 cum
361 1335 432 1374 tibi
462 1334 539 1373 sint
568 1336 677 1373 dono
707 1347 898 1373 concessa
927 1335 1106 1380 deorum,

130 1402 162 1441 si
191 1403 301 1453 quod
330 1402 454 1440 habes
483 1415 564 1440 non
593 1401 665 1450 vis,
694 1414 787 1451 ergo
816 1399 913 1451 quid
942 1399 1144 1450 accipies?

587 1550 684 1587 LIX

76 1642 202 1680 Senos
231 1641 429 1681 Charinus
458 1640 645 1679 omnibus
674 1640 805 1691 digitis
834 1640 932 1691 gerit

130 1720 205 1746 nec
233 1715 351 1746 nocte
380 1706 493 1758 ponit
521 1708 662 1745 anulos

77 1786 150 1811 nec
179 1786 271 1811 cum
300 1774 461 1811 lavatur.
520 1773 652 1812 Causa
681 1785 783 1823 quae
812 1771 861 1811 sit
890 1771 1108 1822 quaeritis?

133 1838 477 1888 Dactyliothecam
506 1851 588 1876 non
617 1838 749 1876 habet.

564 1982 701 2019 LXIV

78 2070 226 2109 Nescio
255 2078 336 2108 tam
365 2069 499 2108 multis
528 2069 626 2119 quid
654 2069 815 2117 scribas,
845 2070 999 2116 Fauste‚
1031 2068 1199 2119 puellis:

131 2134 209 2172 hoc
238 2133 332 2181 scio,
364 2134 475 2183 quod
504 2132 639 2170 scribit
668 2134 776 2170 nulla
804 2133 936 2182 puella
964 2131 1047 2170 tibi.

123 2280 140 2309 7
164 2269 239 2311 qui]
258 2280 325 2310 que
344 2269 374 2300 T
429 2280 455 2301 r.
473 2279 554 2300 acer
567 2268 619 2300 CA

1352 143 1411 179 XI

1378 596 1417 617 10

123 2313 217 2344 LVII
245 2323 259 2344 1
286 2323 408 2344 seuero
426 2312 503 2344 BA:
527 2323 647 2344 severe
666 2311 716 2343 CA
863 2321 883 2351 3
906 2311 1093 2342 ambrosias
1114 2310 1165 2342 CA
1254 2310 1350 2341 uiuet
1368 2309 1418 2341 CA

78 2367 99 2396 4
123 2356 243 2397 cruda]
261 2367 343 2388 cura
360 2357 410 2388 CA
426 2358 519 2399 (corr.
537 2362 613 2388 tura
628 2357 707 2396 ΕΒ)

123 2400 235 2432 LXIV
251 2401 326 2432 hab.
353 2400 383 2432 T
469 2411 484 2432 1
511 2411 587 2431 cum
603 2400 666 2430 ΑΛ
683 2401 762 2442 (pro
779 2399 877 2440 cui-3)
897 2412 904 2430 :
927 2398 1009 2439 quid
1022 2397 1134 2429 BACA
