1648 2729
176 126 232 163 M.
265 125 388 163 VAL.
422 124 739 164 MARTIALIS

661 236 819 274 XXXV

177 309 285 347 Dum
316 307 391 346 sibi
419 306 545 346 redire
574 308 625 346 de
655 306 908 345 Patrensibus
937 305 1070 345 fundis

177 375 333 412 ducena
361 375 506 411 clamat
534 371 763 411 coccinatus
794 371 982 410 Euclides

178 438 470 489 Corinthioque
500 440 613 488 plura
642 439 693 476 de
725 438 955 476 suburbano

178 506 421 555 longumque
450 505 615 554 pulchra
644 511 812 542 stemma
840 502 981 553 repetit
1009 516 1033 541 a
1061 503 1172 540 Leda

178 576 216 607 et
246 568 450 607 suscitanti
479 570 594 606 Leito
623 569 846 614 reluctatur,
1499 584 1516 616 5

178 634 301 684 equiti
330 634 512 684 superbo,
544 632 679 681 nobili,
710 631 898 683 locupleti

179 699 322 738 cecidit
351 707 513 749 repente
543 712 685 748 magna
715 699 764 736 de
794 698 882 736 sinu
911 697 1041 736 clavis.

180 767 423 815 Numquam,
458 765 633 811 Fabulle,
664 762 832 813 nequior
860 762 932 801 fuit
960 762 1090 801 clavis.

647 842 827 879 XXXVI

182 920 384 957 Laudatus
414 925 549 956 nostro
579 916 754 967 quidam,
787 915 984 963 Faustine,
1015 915 1149 954 libello

236 983 469 1031 dissimulat,
501 982 614 1033 quasi
643 982 698 1020 nil
727 982 897 1021 debeat:
937 980 1122 1032 inposuit.

640 1060 844 1097 XXXVII

185 1133 321 1170 Puella
350 1131 512 1169 senibus
542 1129 696 1168 dulcior
725 1129 821 1167 mihi
851 1129 994 1179 cycnis,

183 1211 284 1248 agna
314 1195 471 1235 Galaesi
501 1195 657 1234 mollior
687 1194 924 1242 Phalantini,

183 1264 337 1302 concha
367 1261 527 1300 Lucrini
556 1260 760 1300 delicatior
788 1259 926 1310 stagni,

184 1327 247 1366 cui
276 1341 350 1366 ηερ
379 1326 532 1377 lapillos
562 1328 755 1377 praeferas
786 1327 1022 1375 Erythraeos

185 1407 259 1432 ηερ
288 1393 410 1431 modo
439 1392 607 1443 politum
638 1391 802 1442 pecudis
835 1390 998 1429 Indicae
1028 1391 1190 1428 dentem
1503 1405 1519 1435 5

185 1459 374 1509 nivesque
403 1457 547 1508 primas
576 1457 782 1507 liliumque
812 1470 893 1494 non
923 1464 1100 1504 tactum3

186 1538 287 1574 quae
317 1523 423 1562 crine
452 1522 544 1561 vicit
574 1522 725 1560 Baetici
753 1521 877 1572 gregis
907 1523 1030 1560 vellus

188 1589 400 1639 Rhenique
430 1589 558 1626 nodos
587 1601 827 1637 aureamque
857 1586 1032 1624 nitellam
1047 1600 1058 1634 3

185 1654 365 1705 fragravit
394 1667 461 1692 ore
491 1654 600 1703 quod
629 1652 819 1691 rosarium
850 1651 992 1698 Paesti,

187 1721 295 1771 quod
325 1719 545 1758 Atticarum
574 1717 701 1768 prima
729 1719 846 1756 mella
874 1730 1062 1763 cerarum,
1485 1731 1524 1753 10

188 1786 297 1835 quod
326 1784 553 1823 sucinorum
583 1791 693 1834 rapta
722 1784 772 1822 de
802 1796 923 1820 manu
951 1782 1067 1832 gleba
1080 1795 1092 1829 3

187 1850 250 1889 cui
279 1857 515 1899 conparatus
544 1848 733 1887 indecens
763 1855 844 1886 erat
872 1860 984 1898 pavo,

186 1914 409 1953 inamabilis
439 1914 588 1953 sciurus
618 1922 655 1952 et
683 1915 867 1963 frequens
896 1911 1080 1962 phoenix,

187 1982 319 2019 adhuc
348 1979 495 2018 recenti
524 1987 631 2029 tepet
660 1978 825 2017 Erotion
853 1978 984 2025 busto,

189 2059 308 2096 quam
338 2045 599 2095 pessimorum
628 2046 690 2082 lex
717 2057 851 2082 amara
878 2044 1048 2081 fatorum
1258 2078 1260 2081 ,
1487 2056 1524 2089 15

190 2118 297 2149 sexta
326 2109 474 2160 peregit
502 2109 645 2156 hieme,
677 2122 751 2147 nec
781 2116 913 2146 tamen
943 2115 1036 2154 tota,

233 2214 369 2245 XXXV
396 2224 409 2243 1
435 2214 525 2244 Patr.
543 2212 616 2244 Ital.
631 2224 637 2243 z
664 2212 903 2252 patruensibus
914 2211 1003 2242 codd.
1087 2219 1106 2249 5
1131 2215 1165 2240 et
1181 2210 1343 2241 suscitant
1361 2209 1388 2240 si
1403 2209 1434 2240 ei
1449 2213 1523 2244 tore

190 2260 337 2290 luctatur
351 2258 407 2288 BA
495 2258 516 2286 6
540 2256 662 2296 equitis
678 2257 760 2286 urbo
776 2256 830 2285 ΒΑ
1066 2253 1235 2284 XXXVII
1261 2263 1310 2284 vv.
1334 2263 1405 2292 1—7‚
1423 2263 1522 2292 9-14,

191 2302 263 2333 hab.
287 2302 316 2331 T
411 2312 430 2339 4
455 2300 654 2340 praeferens
671 2300 725 2329 ΒΑ
744 2302 824 2340 (pro
842 2309 911 2330 -res
922 2299 947 2337 2)
1049 2307 1069 2336 5
1093 2297 1297 2328 indicentem
1320 2296 1363 2328 T:
1389 2296 1524 2327 indicae

191 2350 329 2385 gentem
348 2344 395 2375 CA
513 2354 530 2383 7
555 2343 696 2374 crimine
719 2344 761 2374 T:
788 2343 885 2382 nigre
905 2342 954 2373 CA
1021 2342 1130 2372 vellus
1146 2352 1214 2372 om.
1238 2340 1267 2370 T
1339 2341 1360 2371 8
1383 2340 1524 2370 nitelam

190 2389 279 2419 codd.
416 2398 453 2418 12
478 2397 566 2427 pauo
581 2387 641 2417 ΛΑ
662 2388 735 2426 (-no
757 2386 803 2416 Ti
821 2387 895 2418 BA:
920 2395 1031 2425 pauus
1049 2385 1098 2416 CA
1243 2393 1282 2423 13
1307 2384 1434 2423 chyrus
1448 2383 1522 2415 BA:

193 2442 313 2472 scyrus
332 2431 381 2462 CA
517 2432 556 2461 16
579 2431 726 2461 hiemem
744 2441 781 2461 ec
801 2430 850 2460 CA
