1648 2729
737 142 1205 181 EPIGRAMMATON
1237 142 1408 180 LIBER

585 256 668 292 VII

77 324 254 373 Qualiter
283 324 322 363 in
353 324 536 375 Scythica
564 325 746 375 religatus
775 338 871 375 rupe
901 326 1161 364 Prometheus

127 389 334 428 adsiduam
365 390 488 429 nimio
517 398 677 440 pectore
704 390 810 440 pavit
839 403 964 437 avem,

77 456 183 493 nuda
211 455 433 494 Caledonio
462 455 517 494 sic
546 455 694 494 viscera
723 455 902 506 praebuit
932 469 1022 494 urso

129 533 210 559 non
239 521 336 559 falsa
364 522 544 570 pendens
573 520 612 559 in
643 534 758 560 cruce
788 522 1015 560 Laureolus.

76 584 259 623 vivebant
288 585 405 623 laceri
435 585 622 624 membris
652 585 888 624 stillantibus
918 594 1023 624 artus
1392 601 1410 631 5

129 649 249 700 inque
278 650 388 689 omni
417 664 613 701 nusquam
643 665 807 701 corpore
836 664 979 700 corpus
1009 659 1100 689 erat.

77 715 250 766 denique
279 716 516 766 supplicium
547 748 554 755 .
587 748 594 755 .
627 748 635 755 .

129 783 190 820 vel
219 781 372 820 domini
401 781 577 832 iugulum
607 783 759 821 foderat
789 796 882 820 ense
911 795 1074 828 nocens,

77 848 225 897 templa
252 849 313 885 vel
343 861 487 886 arcano
517 849 682 886 demens
712 847 945 897 spoliaverat
973 860 1081 894 auro,

131 911 360 950 subdiderat
390 925 524 950 saevas
554 913 615 950 vel
645 912 726 959 tibi,
759 914 901 959 Roma,
933 913 1048 950 faces.
1377 925 1416 946 10

78 977 222 1015 vicerat
249 976 436 1026 antiquae
465 978 676 1015 sceleratus
706 976 869 1015 crimina
898 978 1037 1024 famae,

131 1041 170 1080 in
201 1055 292 1092 quo,
324 1055 425 1092 quae
453 1043 577 1080 fuerat
606 1043 750 1090 fabula,
781 1055 911 1092 poena
940 1042 1022 1080 fuit.

590 1148 697 1184 VIII

81 1218 268 1264 Daedale,
299 1218 464 1255 Lucano
495 1231 585 1255 cum
616 1217 671 1256 sic
699 1217 878 1256 lacereris
908 1218 959 1255 ab
988 1230 1090 1263 urso,

133 1295 251 1332 quam
282 1295 445 1332 cuperes
475 1282 615 1332 pinnas
646 1296 753 1321 nunc
782 1282 967 1321 habuisse
997 1286 1106 1321 tuas!

580 1388 639 1425 IX

81 1456 277 1495 Praestitit
305 1456 502 1496 exhibitus
532 1465 614 1496 tota
643 1457 725 1505 tibi,
758 1458 913 1504 Caesar,
944 1458 1091 1495 harena

134 1535 236 1572 quae
265 1535 346 1560 non
375 1521 554 1571 promisit
583 1523 732 1572 proelia
759 1523 997 1561 rhinoceros.

81 1602 105 1625 o
135 1600 254 1637 quam
284 1587 464 1626 terribilis
494 1588 633 1626 exarsit
662 1601 809 1638 pronus
839 1588 879 1626 in
909 1587 1006 1626 iras!

136 1660 306 1702 quantus
336 1661 416 1691 erat
446 1661 589 1700 taurus,
622 1653 684 1691 cui
714 1653 793 1703 pila
821 1661 954 1691 taurus
984 1655 1088 1691 erat!

595 1759 632 1795 X

84 1828 268 1865 Laeserat
296 1826 448 1877 ingrato
478 1829 540 1866 leo
568 1829 743 1878 perfidus
773 1842 839 1867 ore
868 1827 1109 1878 magistrum,

136 1905 255 1930 ausus
284 1899 364 1930 tam
394 1901 508 1931 notas
538 1901 806 1932 contemerare
836 1907 988 1940 manus,

84 1958 154 1996 sed
183 1957 321 2007 dignas
350 1965 461 1995 tanto
490 1958 675 2007 persolvit
705 1958 867 1997 crimine
896 1971 1057 2008 poenas,

138 2030 176 2060 et
205 2022 273 2072 qui
302 2036 384 2061 non
413 2024 553 2061 tulerat
582 2024 754 2070 verbera,
786 2025 864 2061 tela
892 2022 990 2061 tulit.

86 2088 199 2136 Quos
229 2089 344 2126 decet
373 2101 459 2126 esse
488 2087 697 2126 hominum
727 2088 793 2126 tali
823 2088 898 2126 sub
926 2087 1103 2138 principe
1134 2100 1274 2134 mores,
1404 2104 1421 2135 5

139 2152 207 2203 qui
236 2152 345 2191 iubet
374 2152 576 2203 ingenium
606 2153 738 2192 mitius
769 2167 854 2192 esse
882 2153 995 2191 feris!

130 2255 195 2285 VII
219 2255 293 2286 hab.
317 2256 347 2286 T
477 2243 503 2295 7ν
520 2257 657 2296 dignum
675 2256 750 2287 tulit
765 2268 772 2296 3
797 2256 852 2286 ille
870 2255 1022 2295 parentis
1038 2255 1117 2286 add.
1133 2255 1355 2286 Schneidewin

128 2299 366 2374 {lksshcfbab-TT
462 2355 481 2381 4
506 2354 536 2383 q.
559 2354 587 2375 e.
608 2353 715 2374 cornu
730 2343 805 2374 Ital.

131 2385 164 2416 X
186 2386 260 2417 hab.
282 2386 316 2416 R
447 2390 468 2417 6
493 2388 548 2427 qui
566 2388 659 2419 iubet
674 2387 749 2418 Ital.
768 2401 774 2416 z
798 2387 849 2418 cui
867 2387 956 2417 iuuat
973 2386 1033 2416 ΑΑ

1297 2441 1336 2471 1*
