1648 2729
160 162 215 198 M.
247 161 369 198 VAL.
403 161 716 199 MARTIALIS

643 274 661 311 I

267 343 348 382 Hie
377 351 436 382 est
465 357 583 393 quem
613 343 707 393 legis
737 343 812 390 ille,
845 356 963 393 quem
994 343 1166 393 requiris,

265 417 349 447 toto
379 416 496 447 notus
526 407 566 446 in
596 409 691 447 orbe
722 408 914 447 Martialis

264 473 408 523 argutis
437 473 748 524 epigrammaton
777 473 941 511 libellis:

266 539 340 585 cui,
371 539 494 576 lector
522 538 708 586 studiose,
732 540 841 588 quod
870 538 1014 577 dedisti

266 603 410 642 viventi
440 605 562 642 decus
590 612 709 653 atque
739 603 933 651 sentienti,
1472 619 1489 650 5

265 669 337 707 rari
366 676 456 718 post
484 668 634 707 cineres
663 670 811 707 habent
840 677 991 719 poetae.

626 769 669 805 ΙΙ

159 837 239 886 Qui
269 845 400 876 tecum
430 837 541 887 cupis
571 851 656 876 esse
687 851 796 876 meos
826 838 1070 888 ubicumque
1100 837 1254 876 libellos

212 911 249 940 et
279 902 444 941 comites
474 904 614 953 longae
644 903 798 953 quaeris
827 904 974 942 habere
1003 903 1100 950 viae,

159 969 230 1006 hos
260 981 358 1015 erne,
391 982 490 1018 quos
519 976 618 1006 artat
647 968 832 1006 brevibus
862 969 1093 1007 membrana
1123 967 1300 1006 tabellis:

212 1033 353 1072 scrinia
382 1035 434 1072 da
463 1034 626 1083 magnis,
659 1047 722 1072 me
752 1047 892 1072 manus
922 1047 1001 1072 una
1030 1033 1144 1084 capit.
1171 1055 1175 1060 ·

160 1101 221 1137 Ne
251 1108 383 1137 tamen
413 1099 567 1149 ignores
597 1099 665 1137 ubi
694 1099 767 1137 sim
797 1099 945 1138 venalis
975 1107 1013 1137 et
1042 1112 1144 1138 erres
1473 1115 1490 1145 5

213 1164 308 1202 urbe
338 1178 457 1214 vagus
486 1172 579 1212 tota,
612 1178 676 1203 me
704 1166 807 1203 duce
836 1172 964 1203 certus
994 1163 1090 1202 eris:

159 1229 342 1267 libertum
372 1229 480 1268 docti
511 1229 703 1268 Lucensis
734 1243 878 1280 quaere
908 1231 1139 1268 Secundum

212 1294 349 1333 limina
378 1303 468 1344 post
498 1294 610 1333 Pacis
642 1294 943 1345 Palladiumque
972 1296 1111 1333 forum.

617 1395 682 1431 III

160 1463 404 1513 Argiletanas
434 1464 557 1502 mavis
586 1464 763 1502 habitare
793 1464 987 1511 tabernas,

213 1543 303 1567 cum
334 1529 416 1576 tibi,
448 1543 565 1580 parve
594 1530 702 1577 liber,
735 1530 877 1568 scrinia
905 1538 1040 1569 nostra
1067 1538 1222 1568 vacent.

161 1594 298 1641 nescis,
331 1596 419 1642 heu,
450 1595 577 1633 nescis
607 1595 794 1634 dominae
823 1595 978 1634 fastidia
1008 1596 1185 1633 Romae:

214 1661 330 1698 crede
360 1660 466 1707 mihi,
498 1660 665 1698 nimium
697 1660 840 1698 Martia
869 1661 983 1699 turba
1012 1659 1121 1710 sapit.

162 1724 328 1763 maiores
358 1739 553 1775 nusquam
584 1725 773 1764 rhonchi:
814 1726 1055 1776 iuvenesque
1085 1738 1279 1775 senesque
1474 1741 1492 1770 5

215 1798 253 1828 et
282 1790 392 1840 pueri
421 1804 561 1829 nasum
592 1791 851 1830 rhinocerotis
881 1792 1040 1830 habent.

161 1855 330 1893 audieris
360 1870 450 1894 curn
480 1858 627 1906 grande
657 1858 817 1907 sophos,
848 1858 945 1895 dum
975 1856 1085 1895 basia
1113 1855 1245 1903 iactas,

217 1920 289 1958 ibis
319 1921 370 1958 ab
399 1935 563 1959 excusso
594 1921 735 1960 missus
764 1921 804 1959 in
833 1930 936 1960 astra
964 1935 1068 1971 sago,

163 1987 232 2023 sed
263 1993 303 2023 tu
334 1999 383 2024 ne
413 1986 557 2024 totiens
587 1986 739 2025 domini
768 1987 915 2036 patiare
943 1987 1076 2025 lituras

217 2064 314 2089 neve
345 2059 455 2089 notet
485 2052 591 2089 lusus
622 2052 739 2090 tristis
769 2053 950 2091 harundo
979 2061 1082 2100 tuOS,
1457 2066 1495 2088 10

162 2116 365 2163 aetherias,
397 2116 550 2163 lascive,
581 2117 692 2166 cupis
721 2117 883 2156 volitare
911 2131 980 2168 per
1007 2130 1144 2155 auras:

219 2181 239 2228 i,
272 2183 386 2232 fuge,
424 2183 494 2220 sed
524 2190 679 2231 poteras
710 2182 829 2221 tutior
858 2196 944 2221 esse
974 2182 1095 2222 domi.

214 2285 285 2316 141
310 2295 374 2316 om.
409 2285 484 2316 BA:
525 2287 599 2314 anie
624 2284 726 2324 Epist.
763 2286 801 2314 18
832 2285 954 2316 exhibet
985 2285 1043 2317 CA.
1104 2285 1190 2316 Fort.
1225 2288 1376 2316 steterant
1404 2289 1495 2316 extra

165 2330 310 2361 ordinem
325 2329 530 2369 paginarum
550 2328 599 2367 gcf.
617 2327 674 2357 IX
687 2328 789 2368 Epist.
810 2340 829 2359 2
834 2343 843 2369 )
861 2329 895 2359 in
912 2329 1144 2360 recensionibus
1158 2329 1304 2368 antiquis

212 2373 258 2404 111
284 2373 356 2403 hab.
375 2371 416 2402 H
525 2381 544 2409 5
568 2372 729 2412 rhonchi]
747 2377 824 2402 runt
840 2372 901 2402 ΑΛ
917 2375 994 2412 (seq.
1014 2373 1034 2411 i,
1048 2378 1112 2413 pro
1127 2372 1236 2411 runci)
1337 2372 1494 2403 iuuenes-

166 2429 230 2457 que
244 2426 414 2455 senesque
427 2415 544 2446 AABA
559 2427 566 2446 :
587 2415 795 2454 iuuenesque
809 2425 977 2455 senesque
991 2417 1051 2458 (E)
1065 2416 1115 2447 vel
1125 2416 1323 2455 iuvenisque
1335 2416 1496 2455 senisque

173 2459 293 2500 κΧΒίιῗ)
314 2459 362 2490 CA
496 2469 512 2498 7
537 2459 613 2491 aud.
632 2463 702 2489 tum
722 2458 771 2489 CA
786 2460 813 2499 (t
827 2463 887 2498 pro
904 2468 934 2500 c)
1073 2470 1111 2491 12
1135 2459 1145 2490 i
1161 2470 1228 2491 om.
1246 2459 1287 2490 H
1344 2460 1449 2490 tutius
1467 2459 1498 2499 Q
