1648 2729
195 112 255 150 M.
287 111 409 149 VAL.
440 111 757 150 MARTIALIS

197 222 229 261 si
258 221 375 262 nimis
404 231 463 264 est
491 223 631 275 legisse
660 224 773 270 duos,
805 222 876 261 tibi
905 223 1040 261 charta
1068 221 1234 273 plicetur

249 289 394 328 altera:
433 288 603 329 divisum
633 288 689 327 sic
719 289 836 327 breve
865 289 932 327 fiet
960 301 1071 338 opus.

643 389 867 426 LXXXIII

195 466 343 503 Securo
372 464 469 503 nihil
498 472 556 503 est
586 472 635 512 te,
667 466 857 513 Naevole‚
886 463 1024 514 peius3
1062 464 1205 503 eodem

248 529 417 568 sollicito
447 529 544 567 nihil
573 537 643 577 est,
673 531 862 576 Naevole,
893 537 932 568 te
961 529 1112 568 melius.

195 605 356 631 securus
385 594 537 630 nullum
567 593 765 639 resalutas‚
798 590 968 641 despicis
998 605 1149 638 omnes,

248 671 323 696 nec
352 656 562 708 quisquam
591 657 690 696 liber
718 670 792 695 nec
820 656 892 695 tibi
920 664 1036 695 natus
1065 658 1188 695 homo
1217 663 1298 696 est:

195 721 386 761 sollicitus
416 724 553 770 donas,
585 721 794 761 dominum
823 735 1036 772 regemque
1066 723 1221 768 salutas,

248 787 401 826 invitas.
478 789 587 835 Esto,
619 789 808 835 Naevole,
841 787 1041 826 sollicitus.

659 899 851 936 LXXXV

194 975 282 1012 Nos
311 973 485 1013 bibimus
514 974 624 1021 vitro,
657 981 698 1013 tu
728 988 868 1021 murra,
901 974 1077 1013 Pontice.
1138 976 1300 1024 Quare?

250 1040 397 1078 Prodat
426 1039 656 1090 perspicuus
686 1054 736 1078 ne
765 1041 846 1078 duo
875 1039 966 1078 vina
994 1039 1104 1079 calix.

646 1146 860 1183 LXXXVI

283 1220 345 1260 ‘Si
373 1219 430 1259 vis
459 1220 619 1260 auribus
648 1221 790 1260 Atticis
820 1221 988 1271 probari,

304 1287 488 1324 exhortor
516 1300 743 1337 moneoque
772 1294 822 1333 te,
853 1286 996 1334 libelle,

304 1358 348 1390 ut
376 1353 497 1390 docto
525 1353 681 1402 placeas
710 1352 940 1402 Apollinari.

305 1416 360 1455 nil
389 1416 562 1456 exactius
592 1417 863 1467 eruditiusque
892 1425 962 1465 est,

305 1481 375 1519 sed
405 1494 478 1519 nec
508 1480 716 1519 candidius
746 1480 1061 1531 benigniusque:

305 1545 337 1583 si
366 1553 405 1584 te
433 1552 604 1595 pectore,
635 1545 667 1584 si
696 1546 846 1584 tenebit
875 1559 953 1593 ore,

305 1624 379 1649 nec
407 1612 607 1649 rhonchos
637 1618 788 1649 metues
818 1610 1104 1661 maligniorum,

305 1689 380 1713 nec
409 1675 600 1714 scombris
629 1676 781 1714 tunicas
811 1675 924 1714 dabis
954 1677 1149 1714 molestas.

306 1739 338 1778 si
368 1740 624 1788 damnaverit,
655 1742 707 1779 ad
736 1741 964 1779 salariorum

306 1817 436 1843 curras
465 1804 607 1844 scrinia
634 1805 812 1855 protinus
841 1805 985 1853 licebit,

307 1870 461 1909 inversa
489 1870 620 1920 pueris
649 1872 796 1910 arande
826 1872 970 1909 charta.

632 1970 894 2007 LXXXVIII

201 2047 322 2084 Nulla
349 2045 531 2084 remisisti
560 2059 680 2095 parvo
709 2059 780 2096 pro
809 2059 972 2084 munere
1000 2046 1116 2092 dona,

255 2119 293 2150 et
322 2110 399 2148 iam
430 2110 585 2149 Saturni
615 2110 791 2160 quinque
821 2112 928 2149 fuere
957 2110 1052 2150 dies.

248 2214 415 2245 LXXXII
441 2215 461 2244 8
485 2223 572 2253 opus
589 2214 666 2245 BA:
691 2223 778 2244 onus
797 2213 843 2244 CA

246 2258 431 2288 LXXXIII
456 2257 529 2288 lzab.
555 2257 584 2286 T
718 2267 737 2296 4
762 2257 847 2287 liber
863 2268 929 2288 om.
950 2256 1006 2287 BA
1023 2261 1066 2288 ut.
1085 2257 1149 2288 vid.

246 2301 411 2332 LXXXV
433 2301 506 2331 hab.
529 2300 589 2331 TR
741 2310 760 2329 2
783 2301 999 2340 perspicuum
1015 2301 1070 2330 ΒΑ

247 2345 425 2374 LXXXVI
451 2355 470 2383 3
496 2346 594 2375 docte
611 2344 665 2374 BA
684 2346 716 2383 (e
730 2349 791 2383 pro
808 2345 842 2385 ο)
974 2345 995 2374 6
1018 2344 1148 2375 tenedit
1167 2343 1213 2374 CA

246 2388 465 2419 LXXXVIII
490 2399 539 2419 vv.
561 2397 623 2419 1-2
640 2387 713 2418 hab.
735 2387 765 2418 T

1494 1823 1534 1846 10
