1648 2729
689 131 1158 171 EPIGRAMMATON
1190 133 1295 170 LIB.
1326 134 1408 171 VII

642 241 738 278 LIX

74 317 167 354 Non
197 323 312 354 cenat
342 315 426 354 sine
455 329 550 366 apro
580 324 723 364 noster,
756 316 857 364 Tite,
890 316 1150 356 Caecilianus.

127 381 275 419 bellum
305 380 512 420 convivam
545 381 794 421 Caecilianus
824 382 955 420 habet.

648 483 721 519 LX

180 556 373 607 Tarpeiae
401 559 626 597 venerande
655 565 782 597 rector
809 560 933 606 aulae,

180 635 299 672 quern
329 624 437 661 salvo
467 624 569 662 duce
598 623 795 662 credimus
825 625 1063 672 Tonantem,

179 700 271 725 curn
300 687 400 726 votis
430 688 505 726 sibi
534 688 702 739 quisque
731 696 769 728 te
798 689 932 740 fatiget

179 760 217 791 et
246 760 383 803 poscat
413 754 505 792 dare
535 767 637 804 quae
666 754 729 793 dei
759 755 950 805 potestis:

180 817 234 855 nil
263 831 334 868 pro
364 832 428 857 me
457 818 565 867 mihi,
598 819 786 871 Iuppiter,
817 820 967 870 petenti
1392 841 1409 871 5

178 896 228 921 ne
257 884 524 923 suscensueris
553 886 660 923 velut
688 886 872 936 superbo.

179 956 217 986 te
246 962 318 999 pro
347 949 516 988 Caesare
545 950 675 988 debeo
704 963 866 1000 rogare:

179 1027 249 1063 pro
280 1027 343 1053 me
372 1015 502 1053 debeo
533 1015 743 1054 Caesarem
774 1029 919 1066 rogare.

609 1110 705 1147 LXI

74 1178 301 1216 Abstulerat
330 1185 453 1216 totam
485 1179 713 1218 temerarius
742 1179 898 1219 institor
932 1181 1070 1219 urbem

125 1242 246 1293 inque
275 1257 347 1282 suo
377 1245 528 1282 nullum
558 1244 695 1284 limine
723 1245 843 1284 limen
873 1254 965 1285 erat.

72 1308 216 1347 iussisti
244 1308 384 1357 tenuis,
418 1310 665 1358 Germanice,
697 1324 871 1350 crescere
900 1311 1019 1359 vicos,

126 1382 165 1414 et
194 1376 317 1414 modo
346 1389 448 1426 quae
477 1377 602 1415 fuerat
630 1376 780 1425 semita,
813 1378 916 1416 facta
944 1377 1006 1416 via
1035 1385 1104 1416 est.

73 1442 179 1479 nulla
207 1441 397 1480 catenatis
427 1441 506 1492 pila
535 1449 593 1480 est
622 1442 848 1492 praecincta
876 1442 1028 1493 lagonis
1391 1460 1408 1491 5

127 1519 200 1545 nec
229 1513 385 1556 praetor
413 1506 547 1546 medio
576 1507 729 1558 cogitur
756 1507 811 1546 ire
841 1509 935 1555 luto,

72 1571 271 1622 stringitur
299 1571 339 1610 in
369 1573 493 1611 densa
521 1586 595 1611 nec
624 1586 742 1612 caeca
771 1575 965 1612 novacula
993 1574 1109 1612 turba

126 1645 295 1687 occupat
323 1644 391 1676 aut
419 1645 522 1677 totas
550 1638 660 1689 nigra
688 1638 836 1689 popina
864 1638 957 1677 vias.

72 1710 222 1751 tonsor,
250 1716 368 1753 copo,
395 1716 531 1751 cocus,
558 1702 685 1742 lanius
716 1717 786 1742 sua
814 1703 951 1742 limina
980 1712 1145 1743 servant,

126 1781 232 1806 nunc
263 1769 394 1806 Roma
422 1775 495 1816 est,
524 1782 649 1819 nuper
677 1767 820 1820 inagna
848 1769 1012 1808 taberna
1040 1768 1123 1808 fuit.
1374 1770 1413 1814 ἰο

613 1869 756 1906 LXIII

73 1937 258 1988 Perpetui
288 1951 504 1987 numquam
537 1937 725 1977 moritura
753 1937 956 1977 volumina
985 1938 1053 1977 Sili

126 2002 194 2053 qui
222 2002 317 2053 legis
347 2010 385 2042 et
416 2003 528 2041 Latia
557 2003 730 2042 carmina
759 2003 879 2054 digna
908 2010 1010 2053 toga,

74 2068 221 2108 Pierios
250 2076 404 2107 tantum
434 2069 512 2107 vati
540 2069 735 2119 placuisse
763 2083 939 2109 recessus

126 2134 252 2173 credis
282 2142 321 2173 et
349 2134 504 2174 Aoniae
534 2135 731 2174 Bacchica
759 2142 861 2174 serta
890 2136 1059 2174 comae?

118 2238 198 2269 LIX
222 2238 295 2270 hab.
320 2238 351 2269 T
455 2249 475 2269 2
490 2238 648 2270 bellicum
671 2238 701 2269 T
931 2239 993 2271 LX
1016 2249 1036 2278 3
1061 2249 1098 2270 se
1116 2238 1165 2270 CA
1254 2250 1273 2278 4
1298 2245 1410 2279 potest

74 2282 126 2313 his
143 2281 193 2313 CA
215 2284 297 2319 (non
313 2282 363 2322 A)
454 2292 473 2321 5
498 2283 580 2313 mihi
596 2293 662 2314 om.
683 2283 738 2313 ΒΑ
909 2283 988 2314 LXI
1014 2294 1063 2314 vv.
1084 2293 1156 2323 1—47
1174 2292 1262 2322 9-10
1285 2283 1358 2315 hab.
1385 2284 1416 2315 T

73 2335 93 2364 3
117 2326 269 2364 germani
289 2326 337 2356 CA
457 2336 477 2365 5
501 2326 691 2366 praetincta
708 2326 809 2368 (—nta)
829 2326 902 2365 CA(
918 2338 984 2358 non
1001 2327 1051 2356 A»
1175 2337 1193 2365 7
1218 2327 1343 2358 densas
1361 2327 1409 2358 CA

73 2380 94 2409 9
117 2379 226 2409 caupo
243 2368 304 2399 ΑΑ
402 2380 441 2401 10
465 2375 517 2401 est
535 2371 662 2412 nuper]
679 2380 738 2401 ero
756 2381 842 2402 nuae
866 2371 895 2401 T
1097 2370 1212 2401 LXIII
1241 2381 1256 2401 1
1275 2370 1338 2402 soli
1354 2370 1411 2401 ΒΑ

71 2424 91 2452 4
117 2414 208 2444 credi
227 2412 276 2444 CA
