1648 2729
197 123 252 159 M.
284 122 406 159 VAL.
440 119 754 158 MARTIALIS

680 231 819 269 XXVI

198 309 308 347 Lusit
339 309 557 347 Nereidum
587 306 726 346 docilis
756 307 899 345 chorus
928 317 1100 355 aequore
1129 312 1214 342 toto

250 383 288 412 et
317 373 424 412 vario
452 373 585 412 faciles
615 371 754 411 ordine
782 371 906 422 pinxit
934 384 1068 421 aquas.

197 438 350 478 fuscina
379 439 499 477 dente
529 437 662 476 minax
690 445 798 475 recto
827 436 911 483 fuit,
942 449 1087 474 ancora
1115 448 1259 473 curvo:

250 503 491 543 credidimus
519 517 672 541 remum
701 502 1021 552 credidimusque
1050 509 1185 548 ratem,

197 578 235 606 et
263 576 416 619 gratum
445 567 574 606 nautis
604 567 712 606 sidus
742 568 888 617 fulgere
918 568 1124 604 Laconum
1511 583 1527 612 5

251 636 408 683 lataque
436 633 646 683 perspicuo
674 634 760 670 vela
789 640 940 670 tumere
969 631 1068 670 sinu.

199 699 298 747 Quis
328 707 455 737 tantas
484 697 643 748 liquidis
672 705 773 736 artes
802 696 952 735 invenit
980 696 1021 734 in
1050 695 1197 734 undis?

251 772 317 802 aut
347 763 483 802 docuit
511 764 619 801 lusus
649 763 722 801 hos
751 761 890 800 Thetis
919 768 987 799 aut
1016 760 1165 799 didicit.

673 861 835 897 XXVII

198 938 363 975 Saecula
392 938 707 986 Carpophorum,
740 936 894 983 Caesar,
927 935 958 973 si
987 935 1114 985 prisca
1142 935 1335 983 tulissent,

252 1016 332 1040 non
365 1001 644 1040 Parthaoniam
675 1001 840 1039 barbara
869 1009 969 1039 terra
997 1002 1131 1048 feram,

199 1080 279 1105 non
310 1068 524 1105 Marathon
553 1074 720 1113 taurum,
753 1067 906 1105 Nemee
935 1067 1123 1104 frondosa
1151 1067 1320 1113 leonem,

252 1133 374 1170 Arcas
406 1131 649 1170 Maenalium
680 1144 762 1169 non
791 1130 985 1169 timuisset
1013 1144 1163 1181 aprum.

199 1198 275 1235 hoc
303 1205 480 1235 armante
509 1210 649 1234 manus
679 1197 826 1246 hydrae
856 1209 961 1234 mors
990 1210 1070 1234 una
1097 1196 1244 1243 fuisset,
1512 1214 1528 1244 5

253 1262 344 1300 huic
372 1275 557 1311 percussa
585 1263 684 1300 foret
713 1269 796 1299 tota
825 1260 1036 1300 Chimaera
1064 1263 1196 1300 semel.

198 1327 381 1376 igniferos
410 1327 534 1376 possit
563 1326 646 1365 sine
676 1326 871 1366 Colchide
899 1326 1060 1376 iungere
1088 1334 1230 1373 tauros,

253 1391 376 1442 possit
405 1400 612 1441 utramque
641 1392 762 1429 feram
792 1391 948 1429 vincere
978 1391 1203 1442 Pasiphaes.

200 1456 230 1494 si
261 1456 320 1503 sit,
351 1464 393 1494 ut
422 1456 609 1506 aequorei
638 1464 844 1495 revocetur
872 1457 1006 1495 fabula
1035 1456 1211 1504 monstri,

255 1521 463 1559 Hesionen
493 1523 617 1559 solvet
647 1523 752 1559 solus
783 1529 820 1560 et
850 1523 1147 1560 Andromedan.
1491 1539 1530 1560 10

202 1588 424 1625 Herculeae
454 1586 581 1624 laudis
610 1595 837 1625 numeretur
865 1586 1011 1637 gloria:
1041 1588 1128 1637 plus
1158 1594 1216 1625 est

254 1651 314 1689 bis
343 1652 465 1689 denas
495 1651 636 1701 pariter
664 1652 936 1701 perdomuisse
965 1653 1075 1691 feras.

684 1751 869 1788 XXVIII

201 1827 368 1877 Augusti
398 1828 508 1866 labor
537 1828 600 1866 hic
628 1829 753 1867 fuerat
783 1829 1029 1868 committere
1058 1831 1201 1868 classes

255 1900 292 1930 et
321 1893 418 1930 freta
446 1892 573 1931 navali
603 1893 811 1932 sollicitare
839 1895 945 1933 tuba.

202 1956 381 1995 Caesaris
410 1958 508 1995 haec
538 1957 659 1995 nostri
688 1971 776 2007 pars
807 1967 864 1997 est
894 1962 1044 2009 quota?
1073 1959 1170 1998 vidit
1199 1959 1238 1998 in
1269 1960 1385 1998 undis

255 2031 293 2060 et
322 2021 461 2060 Thetis
489 2022 642 2072 ignotas
671 2031 709 2061 et
739 2025 903 2062 Galatea
931 2026 1030 2063 feras
1046 2040 1055 2073 3

246 2124 362 2154 XXVI
381 2123 453 2154 hab.
473 2123 513 2153 H
641 2135 660 2164 3
679 2131 770 2156 recto
787 2126 895 2166 Rooy:
922 2127 1046 2158 nectho
1061 2127 1144 2158 AA:
1167 2138 1257 2157 nexu
1274 2127 1348 2158 Ital.

247 2167 380 2198 XXVII
404 2168 476 2199 hab.
495 2167 535 2196 H
667 2179 686 2198 2
711 2179 779 2199 non
797 2171 990 2201 amarathon
1007 2181 1081 2201 cum
1099 2171 1128 2201 b.
1145 2175 1166 2202 t.
1185 2171 1258 2201 fera
1273 2171 1334 2201 AA
1350 2171 1404 2211 (cf
1423 2181 1452 2202 v.
1473 2173 1506 2209 3}
1524 2183 1530 2201 ;

203 2222 266 2242 om.
286 2211 362 2241 Ital.
382 2211 643 2249 (vers.fict1'ct'1tn1
660 2212 805 2243 exhibent
817 2214 905 2244 codd.
925 2214 1049 2253 aliquot
1068 2214 1157 2244 ‘Iam
1175 2214 1299 2244 nullum
1318 2215 1349 2244 in
1368 2216 1530 2245 monstris

202 2255 283 2285 orbe
300 2254 420 2284 fuisset
437 2253 557 2294 opus')
574 2266 580 2285 ε
604 2266 681 2286 corr.
700 2255 872 2287 Buecheler
1029 2268 1045 2296 7
1070 2258 1137 2296 ign.
1155 2257 1233 2290 AA:
1259 2257 1438 2297 ignipedes
1453 2258 1527 2289 Ital.

203 2300 344 2337 iungere
363 2298 567 2329 Gronovius:
591 2299 727 2329 uincere
745 2299 785 2329 H
941 2312 968 2341 7,
985 2302 1004 2331 8
1028 2306 1143 2341 posset
1157 2301 1232 2332 Ital.
1392 2312 1414 2341 9
1436 2302 1479 2332 sit
1495 2307 1529 2333 ut

202 2341 361 2372 Jln'nsins
375 2352 382 2371 :
408 2341 492 2372 Situs
507 2341 568 2371 AA

246 2384 398 2415 XXVIII
423 2384 495 2416 hab.
508 2384 549 2415 H
