1648 2729
799 187 1267 228 EPIGRAMMATON
1301 189 1404 227 LIB.
1439 190 1457 226 I

620 299 738 336 XXX

123 378 337 429 Chirurgus
366 380 501 427 fuerat,
533 393 640 420 nunc
669 388 728 419 est
756 380 911 431 vispillo
943 380 1119 420 Diaulus.

176 443 307 495 coepit
336 458 416 495 quo
446 452 599 496 poterat
627 444 792 484 clinicus
822 459 907 485 esse
938 448 1070 485 modo.

599 562 763 600 XXXII

123 643 218 682 Non
247 655 339 681 amo
368 650 416 689 te,
449 642 595 689 Sabidi,
627 656 702 681 nec
731 656 894 692 possum
924 642 1055 683 dicere
1085 657 1228 695 quare:

177 709 255 747 hoc
284 715 438 746 tantum
469 721 633 759 possum
662 708 806 756 dicere,
838 723 918 747 non
948 723 1040 748 amo
1069 718 1118 750 te.

587 825 775 863 XXXIII

124 904 328 943 Amissum
358 918 439 943 non
470 906 537 944 flet
566 919 658 944 cum
688 907 771 945 sola
801 914 859 945 est
890 906 1018 945 Gellia
1047 915 1209 957 patrem,

179 969 210 1009 si
239 969 327 1020 quis
356 971 469 1008 adest
498 969 626 1010 iussae
656 971 863 1021 prosiliunt
893 971 1087 1010 lacrimae.

125 1049 206 1073 non
235 1036 342 1085 luget
371 1034 549 1086 quisquis
579 1035 741 1083 laudari,
774 1036 911 1083 Gellia,
945 1037 1107 1086 quaerit,

179 1102 242 1140 ille
271 1102 380 1141 dolet
409 1114 498 1140 vere
527 1100 595 1152 qui
624 1101 709 1140 sine
738 1110 837 1141 teste
866 1103 985 1141 dolet.

591 1223 772 1261 XXXVI

125 1303 176 1351 Si,
209 1305 380 1351 Lucane,
413 1303 484 1342 tibi
513 1305 574 1342 vel
604 1303 635 1342 si
665 1303 748 1352 tibi,
779 1306 906 1352 Tulle,
938 1306 1125 1344 darentur

179 1367 310 1418 qualia
339 1367 489 1406 Ledaei
518 1369 597 1406 fata
627 1369 808 1407 Lacones
838 1370 998 1417 habent,

127 1432 271 1472 nobilis
299 1434 398 1471 haec
427 1441 530 1472 esset
559 1432 714 1484 pietatis
744 1433 824 1472 rixa
853 1435 1023 1483 duobus,

180 1499 291 1549 quod
318 1512 390 1548 pro
418 1500 534 1537 fratre
564 1498 663 1537 mori
691 1501 808 1538 vellet
837 1508 1002 1551 uterque
1031 1500 1145 1551 prior,

127 1563 275 1602 diceret
304 1563 475 1602 infernas
504 1572 543 1602 et
572 1563 641 1614 qui
669 1563 774 1614 prior
803 1564 895 1603 isset
924 1567 975 1605 ad
1005 1566 1190 1605 umbras:
1446 1583 1463 1612 5

185 1628 292 1668 ‘vive
322 1637 402 1677 tuo,
433 1630 559 1676 frater,
592 1638 781 1682 tempore,
813 1630 899 1670 vive
929 1633 1044 1671 meo.²

573 1747 802 1786 XXXVIII

131 1828 263 1875 Quem
292 1826 432 1866 recitas
462 1841 574 1866 meus
603 1836 673 1876 est,
705 1842 729 1867 o
760 1828 981 1876 Fidentine,
1014 1829 1194 1868 libellus:

184 1892 254 1931 sed
284 1893 385 1931 male
414 1905 506 1931 cum
536 1892 686 1941 recitas,
718 1892 857 1943 incipit
886 1907 971 1932 esse
1002 1902 1103 1932 tuus.

596 2007 779 2044 XXXIX

131 2087 171 2127 Si
200 2088 288 2138 quis
317 2088 524 2127 erit'raros
554 2088 656 2127 inter
684 2090 956 2127 numerandus
985 2088 1148 2136 amicos,

185 2152 321 2201 quales
350 2150 477 2201 prisca
506 2152 604 2191 fides
635 2153 819 2202 famaque
849 2151 958 2190 novit
986 2165 1096 2200 anus,

176 2255 280 2285 XXX
304 2265 323 2284 2
347 2265 414 2293 quo
431 2254 486 2284 BA
501 2248 518 2286 ι’
533 2256 623 2295 quod
643 2255 693 2286 CA

177 2298 315 2329 XXXII
340 2298 413 2329 hab.
434 2297 467 2327 R

177 2342 335 2372 XXXIII
358 2342 432 2372 hab.
447 2341 480 2371 R
549 2352 577 2382 1,
591 2353 611 2382 3
636 2342 736 2381 gallia
750 2342 783 2373 R
802 2343 893 2383 (cum
914 2341 982 2373 VX
993 2342 1083 2384 aliis)
1154 2353 1174 2382 3
1199 2341 1309 2383 luget]
1327 2341 1407 2372 hcet
1422 2341 1471 2372 CA

178 2385 329 2416 XXXVI
354 2395 373 2424 5
397 2386 427 2416 si
442 2385 501 2425 qui
519 2386 596 2418 BA:
620 2391 655 2417 et
670 2385 728 2426 qui
746 2386 797 2417 CA
1411 2408 1415 2410 -

178 2429 368 2461 XXXVIII
393 2430 467 2460 hab.
488 2428 521 2460 R
678 2440 693 2461 ι
718 2440 807 2470 quae
824 2430 909 2462 citas
926 2429 960 2461 R
1125 2428 1284 2461 XXXIX
1307 2428 1380 2460 hab.
1407 2427 1437 2459 T

1345 2484 1384 2516 2*
