1648 2729
176 122 232 159 M.
266 122 387 159 VAL.
419 123 734 162 MARTIALIS

283 240 321 271 et
350 246 452 283 quae
480 233 645 272 fortibus
675 234 817 273 excolit
845 235 1020 275 iuvencis
1469 256 1507 287 25

283 311 425 337 curvae
456 299 630 337 Manlius
657 313 749 338 arva
777 300 1020 340 Vativescae.

286 365 400 402 Haec
430 371 509 401 tam
539 364 694 412 rustica,
727 365 894 405 delicate
923 368 1056 414 lector,

285 428 388 467 rides
417 429 610 468 nomina?
647 430 774 469 rideas
804 431 948 479 licebit,

287 495 384 532 haec
413 502 493 532 tam
522 495 666 533 rustica
694 498 809 543 malo,
842 510 962 547 quam
993 500 1202 537 Butuntos.

690 574 785 610 LVI

181 637 350 674 Munera
379 638 487 686 quod
517 636 677 675 senibus
706 637 915 688 viduisque
945 638 1119 689 ingentia
1148 640 1280 689 mittis,

234 701 290 739 vis
321 710 359 740 te
389 702 632 750 munificum,
666 703 901 753 Gargiliane,
932 707 1102 743 vocem?

180 767 376 806 sordidius
405 768 503 806 nihil
532 775 603 816 est,
633 768 730 806 nihil
759 776 818 807 est
846 776 884 807 te
914 770 1091 819 spurcius
1121 784 1213 819 uno,

234 832 301 882 qui
331 841 444 883 potes
473 833 634 872 insidias
664 835 770 872 dona
798 847 940 873 vocare
968 841 1080 874 tuas:

182 897 236 936 sic
265 898 390 937 avidis
419 900 534 937 fallax
562 899 740 950 indulget
768 899 943 949 piscibus
973 901 1126 948 hamus,
1497 919 1512 950 5

235 963 377 1002 callida
405 964 461 1002 sic
490 966 626 1003 stultas
656 964 803 1015 decipit
831 978 922 1003 esca
950 966 1061 1004 feras.

184 1027 280 1078 quid
310 1028 358 1067 sit
387 1029 526 1080 largiri,
559 1030 654 1080 quid
684 1029 733 1068 sit
762 1031 911 1068 donare
941 1031 1108 1078 docebo,

237 1094 267 1131 si
297 1094 448 1133 nescis:
488 1096 604 1142 dona,
638 1095 872 1145 Gargssiane,
905 1095 1012 1134 mihi.

679 1173 799 1210 LVII

186 1243 292 1279 Dum
322 1254 395 1280 nos
425 1241 571 1280 blanda
600 1249 737 1280 tenent
766 1241 900 1281 lascivi
929 1249 1067 1293 stagna
1095 1243 1255 1282 Lucrini

237 1314 276 1345 et
304 1320 406 1357 quae
435 1307 626 1357 pumiceis
655 1307 831 1346 fontibus
860 1315 972 1346 antra
1000 1310 1144 1358 calent,

184 1380 225 1410 tu
255 1372 351 1410 colis
380 1372 498 1423 Argei
528 1386 703 1423 regnum,
736 1373 933 1421 Fausffine,
965 1374 1111 1423 coloni,

239 1450 318 1487 quo
349 1445 386 1476 te
416 1437 475 1476 bis
505 1438 684 1476 decimus
715 1438 824 1477 ducit
853 1439 903 1477 ab
933 1440 1030 1477 urbe
1059 1439 1168 1490 lapis.

185 1503 342 1542 horrida
371 1504 441 1542 sed
471 1505 621 1542 fervent
652 1503 843 1542 Nemeaei
872 1512 1034 1553 pectora
1063 1505 1238 1553 monstri,
1500 1523 1517 1552 5

238 1581 312 1606 nec
341 1568 433 1606 satis
463 1576 522 1607 est
553 1568 667 1607 Baias
697 1568 787 1619 igne
816 1571 942 1608 calere
972 1583 1055 1608 suo.

185 1647 276 1683 ergo
306 1633 404 1672 sacri
433 1635 562 1672 fontes
592 1642 630 1672 et
659 1634 772 1672 litora
800 1642 908 1684 grata
936 1636 1072 1682 valete,

240 1700 515 1749 Nympharum
546 1699 688 1749 pariter
718 1701 1017 1750 Nereidumque
1047 1702 1202 1739 domus.

188 1765 409 1802 Herculeos
438 1766 558 1803 colles
587 1765 716 1815 gelida
744 1778 814 1803 vos
843 1765 987 1803 vincite
1017 1766 1167 1813 bruma,

240 1842 346 1867 nunc
376 1829 594 1867 Tiburtinis
623 1829 752 1868 cedite
782 1829 999 1879 frigoribus.
1454 1848 1521 1888 ἰο

699 1908 795 1944 LIX

190 1970 393 2009 Flentibus
424 1970 643 2009 Heliadum
673 1971 790 2010 ramis
820 1972 916 2010 dum
945 1971 1078 2022 vipera
1106 1971 1218 2022 repit,

242 2036 351 2074 fluxit
381 2035 420 2073 in
451 2044 675 2086 opstantem
705 2036 842 2075 sucina
870 2050 1027 2087 gemma
1055 2038 1202 2076 feram:

235 2141 291 2171 LV
316 2150 356 2179 25
381 2141 472 2180 quod
492 2140 540 2171 CA
673 2150 714 2179 27
740 2142 866 2172 rustice
885 2140 933 2172 CA

235 2184 309 2214 LVI
334 2185 408 2216 hab.
435 2184 465 2215 T
544 2194 558 2214 1
577 2184 764 2223 uiridisque
777 2185 824 2216 CA
956 2194 976 2223 5
999 2185 1097 2215 audis
1115 2184 1162 2216 T:
1177 2185 1296 2216 auidus
1311 2184 1366 2215 ΒΑ
1499 2187 1521 2215 6

191 2227 366 2267 deceperit
381 2228 463 2269 T(ct
472 2228 549 2266 soti.
561 2228 637 2268 ΑΛ)

235 2271 329 2302 LVII
353 2271 427 2302 lzab.
452 2272 482 2302 T
610 2281 624 2301 1
644 2271 783 2302 neronis
799 2272 881 2302 AA:
905 2272 1024 2302 lucrini
1040 2271 1149 2302 BACA
1299 2283 1318 2302 2
1343 2271 1450 2302 latent
1466 2271 1520 2301 BA

191 2326 209 2353 3
233 2315 340 2354 Argei
366 2315 545 2346 Heinsius:
579 2314 672 2354 argio
709 2315 752 2345 T:
784 2315 891 2354 argiui
907 2326 947 2346 ex
962 2315 1056 2355 argui
1074 2315 1136 2352 (—iu
1149 2315 1174 2356 2)
1193 2319 1232 2346 ut
1246 2315 1309 2346 vid.
1327 2315 1400 2348 BA:
1427 2316 1519 2354 argoi

193 2358 240 2389 CA
330 2369 442 2388 rerum
466 2358 496 2389 T
621 2360 641 2388 6
664 2359 759 2389 balas
778 2358 824 2389 CA

235 2402 315 2432 LIX
339 2402 412 2434 hab.
433 2402 463 2433 T
588 2412 607 2432 2
631 2407 725 2442 gutta
741 2402 820 2433 AA:
845 2412 979 2442 gemma
994 2402 1101 2434 BACA
