1648 2729
399 172 581 210 INDEX
621 173 1092 214 EPIGRAMMATON

141 283 352 323 Marcelline,
370 283 449 315 boni
465 284 604 315 suboles
620 284 753 316 sincera
769 286 922 325 parentis
966 286 1024 319 VI.
1042 296 1094 326 25.

144 327 280 366 Marcia,
301 338 370 358 non
389 328 543 367 Rhenus,
563 328 640 359 salit
656 329 723 367 hic,
741 329 934 360 Germane:
960 331 1039 370 quid
1058 335 1174 368 opstas
1221 330 1269 360 XI
1295 333 1347 370 96.

144 371 278 402 Marcus
294 376 385 402 amat
402 377 538 403 nostras
552 372 734 410 Antonius,
752 372 879 405 Attice.
898 374 1014 404 Musas
1059 374 1121 412 IX,
1139 385 1192 414 99.

145 414 258 453 Marri,
276 415 412 454 quietae
430 416 538 446 cultor
555 421 588 446 et
604 427 718 447 comes
734 418 822 447 vitae
869 417 914 454 X,
930 428 983 457 92.

146 458 263 489 Martis
280 459 415 490 alumne
433 459 516 495 dies,
537 470 667 491 roseam
685 470 752 499 quo
768 461 925 500 lampada
943 462 1087 501 primum
1135 461 1213 501 XII,
1230 463 1281 493 60.

146 502 288 542 Mass->li
306 502 360 533 leo
377 503 489 534 sama
481 503 549 543 iugi
567 504 767 554 pecorisque
785 505 926 536 maritus
972 504 1034 545 IX,
1054 515 1105 544 71.

145 546 321 577 Matronae
339 547 502 586 puerique
519 547 736 587 virginesque
781 547 822 586 V,
840 559 869 579 2

146 590 314 620 Matutine
331 591 449 629 cliens,
469 591 561 622 urbis
579 592 659 622 mihi
676 602 777 622 causa
794 593 933 623 relictae
979 592 1060 628 XII,
1077 593 1130 623 68.

146 633 314 665 Maximus
330 634 387 665 ille
403 639 493 669 tuus,
513 636 628 673 Ovidi,
647 636 836 666 Caesonius
855 637 908 667 hic
924 641 976 666 est
1021 635 1096 676 VII,
1116 647 1168 675 44.

146 678 261 708 Medio
278 679 445 709 recumbit
462 679 549 709 imus
565 679 621 709 ille
637 680 693 718 qui
709 679 797 710 lecto
843 679 900 717 VI,
920 690 970 719 74.

147 721 294 755 Mensas.
315 722 390 759 Ole,
408 723 516 753 bonas
533 723 645 762 ponis,
663 724 723 753 sed
742 723 839 762 ponis
856 730 994 763 opertas
1040 723 1082 757 X.
1103 733 1154 762 54.

146 765 268 796 Mense
284 776 373 796 novo
390 765 462 796 Iani
481 771 645 803 veterem,
666 766 855 805 Proculeia,
873 768 1029 798 maritum
1077 767 1119 804 X,
1138 776 1188 806 41.

147 809 304 840 Mentiris
321 810 417 840 fictos
436 816 622 849 unguento,
641 811 790 848 Phoebe,
809 810 950 850 capillos
994 811 1055 848 VI,
1071 821 1124 850 57.

147 853 303 884 Mentiris
321 854 477 884 iuvenem
495 854 619 892 tinctis,
639 854 790 891 Laetine,
809 855 940 894 capillis
985 854 1049 893 111,
1065 864 1118 894 43.

147 896 311 927 Mentitur
327 897 383 936 qui
401 902 434 927 te
451 898 619 935 vitiosum,
637 897 740 931 Zoile.
760 897 842 929 dicit
886 898 949 936 XI.
965 908 1019 938 92.

147 940 290 971 Mercari
308 946 442 972 nostras
458 941 485 972 si
503 947 536 972 te
554 943 655 981 piget,
668 942 802 980 Vrbice,
821 952 930 981 nugas
976 941 1052 980 VII,
1067 952 1119 982 51.

148 984 236 1015 Mica
252 995 373 1016 vocor:
399 985 479 1024 quid
496 986 558 1016 sim
577 986 699 1020 cernis,
714 986 849 1016 cenatio
868 996 971 1025 parva
1018 985 1062 1018 11.
1081 997 1133 1026 59.

147 1028 247 1066 Miles
266 1028 513 1068 Hyperboreos
530 1030 643 1067 modo,
662 1029 870 1066 Marcelline,
889 1030 1020 1060 triones
1065 1029 1126 1069 IX,
1148 1040 1199 1068 45.

149 1071 241 1102 Mil‘ra
258 1072 377 1103 misisti
397 1073 475 1103 mihi
492 1083 554 1103 sex
571 1073 622 1103 bis
639 1083 722 1103 sena
739 1073 871 1112 petenti
917 1073 973 1112 IV,
994 1074 1045 1112 76.

147 1115 242 1146 Mille
259 1116 319 1146 tibi
337 1126 494 1146 nummos
511 1117 672 1147 hesterna
688 1116 764 1146 luce
781 1117 914 1152 roganti
960 1116 1015 1150 IV,
1039 1127 1076 1157 15

149 1159 286 1190 Miraris
303 1161 403 1190 docto
420 1161 510 1200 quod
528 1162 680 1191 carmina
696 1161 795 1191 mitto
814 1161 946 1191 Severo
993 1161 1053 1198 XI,
1072 1171 1126 1201 57.

149 1203 283 1234 Miraris
300 1209 444 1242 veteres,
464 1204 622 1241 Vacerra,
643 1204 735 1234 solos
780 1203 875 1243 VIII,
892 1206 946 1243 69.

150 1248 309 1279 Mittebas
326 1248 458 1285 libram,
476 1248 708 1288 quadrantem.
730 1248 884 1285 Garrice,
899 1249 1005 1279 mittis
1052 1248 1113 1279 XI.
1136 1259 1205 1288 105.

148 1291 260 1322 Morio
278 1292 387 1322 dictus
403 1296 476 1322 erat
493 1303 500 1322 ε
523 1292 648 1331 viginti
663 1292 800 1322 milibus
817 1292 883 1322 emi
927 1292 1023 1330 VIII,
1044 1303 1093 1331 13.

149 1335 255 1366 Mulio
274 1336 394 1374 viginti
413 1336 506 1366 venit
523 1336 625 1366 modo
642 1336 787 1369 milibus.
807 1336 894 1366 Aule
940 1335 1000 1372 XI,
1021 1337 1072 1376 38.

150 1379 294 1410 Munera
311 1380 368 1419 qui
387 1380 447 1409 tibi
466 1380 523 1409 dat
542 1379 715 1418 locupleti.
733 1380 858 1411 Gaure.
877 1380 1020 1419 senique
1066 1379 1160 1414 VIII,
1180 1390 1234 1418 27.

151 1423 296 1454 Munera
312 1424 402 1463 quod
420 1424 561 1453 senibus
578 1424 758 1463 viduisque
775 1423 928 1462 ingentia
945 1424 1050 1454 mittis
1097 1423 1152 1461 IV,
1173 1425 1226 1463 56.

151 1467 349 1498 Muneribus
366 1468 480 1506 cupiat
495 1468 524 1497 si
543 1467 620 1506 quis
636 1467 846 1497 contendere
863 1473 973 1497 tecum
1018 1467 1094 1500 VII,
1114 1478 1167 1505 42.

150 1511 359 1550 Municipem
378 1511 479 1550 rigidi
497 1511 573 1550 quis
590 1516 634 1541 te.
657 1511 826 1546 Marcella,
849 1511 985 1542 Salonis
1032 1510 1111 1544 ΧΙΙ,
1130 1521 1182 1543 21.

150 1555 352 1594 Municipes,
373 1555 527 1593 Augusta
546 1555 628 1584 mihi
644 1565 729 1594 quos
743 1555 876 1585 Bilbilis
891 1555 962 1585 acri
1007 1555 1051 1592 X,
1070 1564 1140 1593 103.

150 1598 267 1629 Mutua
287 1599 376 1638 quod
396 1599 494 1629 nobis
510 1604 562 1629 ter
577 1599 819 1638 quinquagena
836 1599 963 1629 dedisti
1011 1598 1072 1637 ΙΙΙ,
1092 1609 1144 1637 41.

149 1642 266 1673 Mutua
282 1647 315 1673 te
331 1648 464 1673 centum
481 1643 650 1676 sestertia.
666 1642 815 1679 Phoebe.
837 1643 952 1682 rogavi
998 1641 1058 1682 VI,
1076 1653 1129 1674 20.

150 1687 268 1717 Mutua
283 1687 406 1725 viginti
422 1687 578 1717 sestertia
594 1686 679 1717 forte
696 1687 857 1726 rogabam
905 1685 947 1725 ΙΙ,
969 1696 1022 1724 30.

151 1775 292 1812 Narnia,
311 1775 498 1814 sulphureo
516 1785 614 1814 quam
632 1775 766 1813 gurgite
784 1774 949 1804 candidus
966 1775 1076 1805 amnis
1122 1773 1199 1812 VII,
1216 1784 1269 1814 93.

149 1819 315 1850 Narratur
331 1819 418 1849 belle
434 1819 572 1858 quidam
589 1819 728 1857 dixisse,
750 1818 892 1848 Marulle
936 1818 977 1856 V,
993 1828 1044 1857 77.

149 1863 300 1894 Nascere
320 1863 495 1893 Dardanio
514 1862 717 1901 promissum
735 1872 863 1892 nomen
881 1861 953 1892 Iulo
999 1861 1057 1901 VI,
1073 1872 1105 1900 3.

150 1907 300 1938 Nasutus
318 1907 458 1937 nimium
475 1906 573 1945 cupis
589 1906 697 1936 videri
744 1905 825 1943 XII,
841 1915 896 1944 37.

151 1950 301 1981 Nasutus
317 1951 365 1981 sis
380 1960 486 1989 usque
502 1950 594 1982 licet,
611 1950 658 1979 sis
676 1950 824 1988 denique
842 1959 944 1980 nasus
991 1948 1088 1989 XIII,
1109 1959 1138 1980 2.

151 1995 291 2025 Natales
307 1995 389 2025 mihi
408 1994 551 2024 Martiae
569 1993 748 2023 Kalendae
793 1993 836 2030 X,
855 2003 908 2032 24.

152 2039 278 2077 Natali,
296 2039 456 2074 Diodore,
475 2042 532 2067 tuo
548 2037 690 2067 conviva
707 2041 848 2067 senatus
892 2036 936 2075 X,
957 2046 1010 2075 27.

152 2082 266 2113 Natali
283 2083 355 2119 tibi,
375 2082 511 2120 Quinte,
535 2086 593 2111 tuo
611 2081 692 2111 dare
710 2091 812 2119 parva
827 2080 983 2110 volebam
1030 2079 1092 2119 IX,
1113 2090 1164 2118 53.

152 2127 318 2157 Natorum
336 2126 418 2156 mihi
436 2126 488 2155 ius
505 2125 605 2155 trium
624 2125 757 2163 roganti
805 2123 848 2157 ΙΙ,
867 2134 922 2163 92.

153 2171 205 2201 Ne
223 2171 339 2200 laudet
354 2170 490 2209 dignos,
507 2169 621 2199 laudat
638 2168 855 2198 Callistratus
873 2178 992 2198 omnes
1039 2166 1118 2207 XII,
1132 2167 1184 2198 80.

153 2215 206 2245 Ne
222 2219 302 2253 toga
319 2213 471 2253 cordylis
487 2218 520 2246 et
538 2212 683 2251 paenula
701 2212 789 2242 desit
806 2212 906 2242 olivis
950 2211 1045 2247 XIII,
1068 2221 1095 2242 1.

152 2259 204 2289 Ne
220 2258 361 2295 valeam,
382 2258 408 2287 si
429 2267 498 2287 non
515 2257 606 2287 totis.
629 2256 792 2287 Deciane.
812 2256 932 2285 diebus
979 2254 1022 2294 ΙΙ,
1040 2265 1072 2294 5.

152 2302 225 2333 Nec
242 2302 378 2332 doctum
395 2301 478 2331 satis
495 2305 529 2331 et
546 2310 663 2339 parum
680 2309 838 2330 severum
883 2299 926 2335 X,
943 2309 997 2329 20.

154 2346 227 2376 Nec
243 2345 365 2376 mullus
382 2355 445 2375 nec
464 2350 497 2375 te
515 2344 674 2380 delectat,
693 2343 845 2374 Baetice.
864 2343 983 2373 turdus
1028 2341 1090 2375 111.
1112 2352 1164 2380 77.

153 2389 225 2421 Nec
241 2394 321 2428 toga
338 2399 400 2419 nec
417 2388 512 2418 focus
528 2393 579 2418 est
598 2398 660 2417 nec
677 2388 777 2417 tritus
792 2387 911 2417 cimice
927 2386 1034 2417 lectus
1080 2385 1141 2422 XI,
1161 2395 1215 2423 32.

156 2434 229 2464 Nec
243 2438 343 2464 vocat
359 2433 401 2462 ad
418 2442 535 2462 cenam
554 2432 692 2468 Marius,
712 2441 776 2461 nee
790 2440 931 2460 munera
948 2430 1050 2460 mittit
1096 2429 1138 2459 X.
1162 2438 1210 2467 19.

154 2477 263 2508 Nemo
280 2476 408 2507 habitat
425 2476 531 2515 gratis
548 2476 614 2506 nisi
632 2475 727 2505 dives
742 2480 776 2505 et
792 2475 895 2505 orbus
912 2474 1002 2513 apud
1017 2479 1050 2504 te
1095 2472 1156 2513 XI,
1177 2473 1230 2511 83.
