1648 2729
176 160 233 196 M.
265 159 336 195 VA
344 158 388 195 L.
422 157 736 194 MARTIALIS

176 268 360 319 Argolico
389 269 581 307 famulum
611 281 692 306 non
722 275 760 306 te
790 266 932 305 servire
961 273 1127 317 tyranno
1493 281 1509 313 5

228 339 419 379 vidissent
447 346 584 389 gentes
614 351 809 389 saevaque
837 351 957 388 regna
985 337 1076 387 pati,

176 406 246 444 sed
276 413 317 443 tu
346 404 525 443 iussisses
556 405 799 454 Eurysthea3
837 417 912 442 nec
941 402 1012 441 tibi
1041 404 1157 441 fallax

229 477 422 520 portasset
451 469 569 508 Nessi
598 470 748 519 perfida
777 470 884 507 dona
913 468 1068 514 Lichas,

177 535 318 575 Oetaei
346 534 431 573 sine
460 537 545 584 lege
575 534 658 584 rogi
687 547 847 573 securus
877 533 1026 572 adisses

229 608 332 639 astra
360 600 479 651 patris
508 599 664 647 summi,
696 613 798 650 quae
827 598 899 637 tibi
927 612 1057 649 poena
1086 597 1197 636 dedit
1213 612 1222 645 ;
1477 613 1516 635 ιο

179 666 303 716 Lydia
332 679 407 704 nec
436 665 624 704 dominae
652 665 833 703 traxisses
863 678 985 714 pensa
1015 664 1208 714 superbae

231 745 305 770 nec
335 732 453 781 Styga
480 729 645 768 vidisses
674 731 987 779 Tartareumque
1017 742 1169 767 canem.

178 810 284 835 nunc
314 796 386 835 tibi
416 797 520 834 Iuno
549 797 663 842 favet,
696 788 803 833 nunc
832 802 871 833 te
901 802 967 837 tua
997 793 1122 844 diligit
1153 794 1301 841 Hebe3

232 875 338 901 nunc
367 869 406 900 te
435 861 467 899 si
495 860 627 899 videat
657 861 855 914 Nympha,
886 859 1058 898 remittet
1089 861 1234 909 Hylan.

651 955 832 994 LXVIII

183 1027 291 1076 Quid
321 1025 393 1064 tibi
422 1025 632 1064 nobiscum
663 1032 731 1072 est,
763 1024 847 1063 ludi
876 1026 1063 1063 scelerate
1093 1024 1285 1075 magister,

236 1091 405 1130 invisum
436 1090 565 1141 pueris
595 1090 889 1140 virginibusque
919 1091 1069 1140 caput?

183 1159 362 1196 nondum
392 1156 539 1195 cristati
568 1169 706 1205 rupere
736 1154 890 1193 silentia
918 1155 1031 1205 galli:

238 1235 436 1260 murmure
464 1221 542 1260 iam
573 1233 690 1259 saevo
718 1220 1026 1270 verberibusque
1055 1228 1180 1259 tonas.

184 1296 263 1326 tam
293 1300 408 1338 grave
437 1286 631 1337 percussis
661 1285 873 1324 incudibus
902 1299 992 1324 aera
1025 1287 1224 1332 resultant,
1502 1303 1519 1334 5

238 1352 483 1392 causidicum
513 1351 648 1390 medio
676 1364 768 1390 curn
798 1351 907 1390 faber
922 1359 1043 1402 *aptat
1072 1364 1202 1402 equo:

184 1418 313 1457 mitior
341 1418 381 1456 in
411 1431 557 1468 magno
585 1418 733 1455 clamor
761 1416 852 1455 furit
879 1416 1181 1467 amphitheatro,

237 1483 410 1522 vincenti
439 1495 598 1532 parmae
627 1495 719 1520 cum
749 1495 818 1520 sua
848 1482 962 1520 turba
991 1483 1104 1520 favet.

185 1549 301 1588 vicini
331 1561 655 1587 somnum—non
686 1555 768 1585 tota
797 1555 1178 1598 nocte—rogamus:

239 1628 331 1653 narn
360 1613 518 1664 vigilare
547 1614 633 1651 leve
662 1620 730 1660 est,
762 1612 991 1663 pervigilare
1019 1626 1134 1664 grave
1163 1621 1232 1652 est.
1485 1629 1522 1650 10

185 1680 400 1730 discipulos
430 1677 585 1717 dimitte
614 1686 714 1716 tuos.
773 1678 855 1726 Vis,
885 1680 1047 1728 garrule,
1080 1685 1272 1728 quantum

239 1745 384 1795 accipis
414 1752 456 1783 ut
486 1746 643 1791 clames,
673 1743 924 1794 accipere-ut
953 1745 1113 1782 taceas?

691 1839 803 1875 LXX

192 1910 349 1948 Dixerat
381 1912 429 1948 ‘o
459 1911 613 1948 mores!
652 1922 676 1947 o
706 1916 885 1959 tempora
904 1910 932 1946 1’
970 1908 1124 1947 Tullius
1154 1908 1259 1953 olim,

241 1975 472 2025 sacrilegum
503 1981 667 2013 strueret
701 1988 791 2012 cum
823 1974 994 2014 Catilina
1023 1976 1144 2021 nefas,

188 2055 278 2080 cum
307 2054 427 2090 gener
454 2047 573 2089 atque
603 2053 715 2078 socer
744 2039 837 2078 diris
867 2047 1116 2078 concurreret
1144 2038 1261 2077 armis

244 2113 471 2155 maestaque
501 2104 603 2143 civili
633 2105 755 2142 caede
785 2105 961 2143 maderet
990 2106 1146 2142 humus.

234 2210 329 2240 LXV
351 2211 371 2241 8
397 2221 459 2241 nec
476 2209 503 2241 si
522 2209 570 2240 CA
696 2220 717 2248 9
740 2208 832 2247 rogis
851 2209 899 2239 CA
1034 2219 1072 2239 10
1096 2218 1208 2247 poena
1225 2207 1283 2239 tibi
1304 2207 1352 2238 CA
1486 2216 1524 2245 14

190 2256 217 2285 si
236 2259 268 2285 te
285 2253 324 2283 Χ
561 2253 706 2284 LXVIII
731 2253 804 2283 hab.
823 2253 853 2283 T
937 2264 956 2291 4
978 2256 1046 2284 tam
1062 2252 1118 2282 ΒΑ
1206 2256 1306 2282 tonas
1322 2251 1401 2282 AA:
1422 2260 1526 2281 sonas

191 2298 265 2328 BA:
290 2303 391 2328 tonos
410 2297 459 2328 CA
473 2301 509 2327 m·
524 2296 588 2327 vid.
735 2305 753 2335 5
773 2306 954 2337 percussus
978 2296 1007 2326 T
1143 2296 1164 2325 6
1188 2294 1356 2327 causidico
1381 2294 1525 2324 medium

225 2365 231 2371 .
262 2352 414 2381 .equum
441 2341 526 2371 AA:
561 2339 766 2371 causidicum
790 2340 900 2370 medio
929 2339 1076 2379 (medico
1104 2338 1173 2376 BA)
1200 2363 1208 2371 .
1236 2363 1243 2371 .
1271 2362 1278 2369 .
1306 2348 1392 2378 equo
1419 2337 1528 2368 ΒΑΕΑ

191 2386 210 2415 8
236 2394 296 2423 per
313 2395 425 2415 armae
448 2384 477 2415 T
604 2394 625 2423 9
646 2384 759 2414 uicino
782 2383 811 2413 T
941 2393 978 2413 11
1004 2383 1101 2413 mitte
1117 2383 1172 2413 ΒΑ
1261 2386 1391 2413 tanturn
1414 2380 1444 2412 T

237 2428 333 2458 LXX
358 2428 431 2460 hab.
454 2428 483 2458 T
567 2439 585 2466 4
611 2432 764 2458 maneret
787 2427 816 2457 T
