1648 2729
223 173 279 209 M.
311 172 432 209 VAL.
466 170 779 208 MARTIALIS

222 282 390 322 Claudia
418 282 578 321 diffusas
607 281 675 320 ubi
705 280 877 331 porticus
907 279 1073 330 explicat
1102 279 1272 325 umbras,

275 347 413 386 ultima
441 361 528 397 pars
557 348 669 385 aulae
699 344 918 384 deficientis
947 352 1038 383 erat.
1515 356 1554 378 10

224 412 398 451 Reddita
428 414 559 450 Roma
588 411 661 450 sibi
692 418 750 449 est
780 418 817 448 et
847 417 938 448 sunt
968 417 1006 448 te
1035 408 1226 459 praeside,
1258 408 1414 454 Caesar,

276 477 440 515 deliciae
468 476 616 527 populi,
647 489 748 525 quae
777 476 929 513 fuerant
959 473 1122 513 domini.

748 569 813 606 ΙΙΙ

224 640 338 688 Quae
366 647 446 677 tam
476 638 648 689 seposita
676 645 745 686 est,
777 651 877 688 quae
906 650 1001 687 gens
1031 644 1111 674 tam
1142 636 1318 683 barbara,
1350 635 1505 681 Caesar,

277 718 323 742 ex
352 717 430 754 qua
459 712 656 754 spectator
684 716 766 741 non
796 702 844 741 sit
874 702 914 739 in
944 702 1040 739 urbe
1069 702 1165 739 tua?

223 769 328 807 venit
356 770 408 807 ab
438 770 600 818 Orpheo
630 769 756 806 cultor
787 768 1050 816 Rhodopeius
1081 767 1253 812 Haemo,

276 834 382 872 venit
412 842 450 872 et
479 841 599 883 epoto
629 834 806 871 Sarmata
834 839 968 881 pastus
998 844 1113 880 equo,

223 907 261 937 et
290 898 357 949 qui
386 898 512 949 prima
541 898 640 937 bibit
669 897 853 947 deprensi
882 896 1046 934 fiumina
1076 895 1168 943 Nili,
1537 911 1554 940 5

276 972 315 1002 et
344 977 462 1013 quem
492 976 697 1013 supremae
726 963 902 1012 Tethyos
932 962 1041 999 unda
1069 960 1182 1008 fen't;

222 1029 418 1067 festinavit
448 1029 586 1075 Arabs,
617 1027 849 1066 festinavere
879 1025 1031 1073 Sabaei,

276 1102 314 1132 et
344 1094 487 1134 Cilices
517 1093 662 1132 nimbis
692 1092 756 1130 hic
787 1093 973 1130 maduere
1004 1091 1093 1129 suis.

223 1159 395 1198 crinibus
425 1159 464 1197 in
495 1160 646 1197 nodum
676 1157 766 1196 torti
795 1170 937 1196 venere
966 1154 1168 1203 Sicambri,

276 1232 394 1274 atque
422 1224 532 1262 aliter
561 1223 671 1262 tortis
701 1222 873 1261 crinibus
902 1221 1132 1271 Aethiopes.
1518 1235 1556 1256 10

222 1302 297 1328 vox
326 1289 479 1328 diversa
507 1296 621 1327 sonat
650 1289 899 1338 populorum,
930 1294 1014 1324 tum
1044 1294 1176 1324 tamen
1206 1298 1285 1323 una
1314 1291 1383 1331 est,

277 1368 367 1392 cum
398 1368 510 1392 verus
540 1353 686 1403 patriae
716 1352 857 1391 diceris
887 1365 972 1390 esse
1002 1359 1122 1401 pater.

753 1447 813 1484 IV

224 1519 358 1557 Turba
386 1518 511 1568 gravis
541 1517 628 1567 paci
657 1516 917 1566 placidaeque
947 1514 1107 1553 inimica
1140 1513 1275 1564 quieti,

277 1597 378 1633 quae
408 1596 562 1632 semper
591 1582 751 1620 miseras
781 1581 1016 1620 sollicitabat
1045 1593 1153 1629 opes,

224 1650 402 1687 traducta
431 1656 490 1686 est
519 1647 723 1687 †Getulis†
752 1660 826 1685 nec
856 1645 960 1695 cepit
989 1647 1135 1683 harena
1163 1642 1367 1682 nocentis:

278 1721 316 1751 et
345 1714 496 1751 delator
524 1713 645 1750 habet
674 1713 783 1761 quod
813 1711 933 1749 dabat
962 1710 1132 1748 exilium.

225 1779 353 1817 exulat
382 1777 561 1816 Ausonia
589 1778 775 1827 profugus
805 1777 956 1814 delator
984 1775 1036 1812 ab
1064 1775 1187 1812 urbe:
1539 1787 1556 1818 5

278 1844 376 1880 haec
406 1842 496 1880 licet
526 1841 700 1891 inpensis
729 1840 916 1891 principis
945 1840 1193 1878 adnumeres.

764 1935 802 1970 V

228 2009 408 2045 Iunctam
440 2005 660 2054 Pasiphaen
692 2004 858 2042 Dictaeo
888 2003 1035 2042 credite
1063 2010 1198 2041 tauro:

278 2070 460 2117 vidimus,
490 2069 642 2119 accepit
672 2069 803 2107 fabula
832 2068 959 2118 prisca
987 2069 1118 2106 fidem.

227 2150 300 2175 nec
330 2149 371 2174 se
400 2135 570 2181 miretur,
602 2135 756 2180 Caesar,
788 2135 977 2182 longaeva
1006 2140 1201 2171 vetustas:

280 2200 475 2251 quidquid
504 2201 608 2237 fama
637 2198 751 2244 canit,
785 2206 953 2247 praestat
982 2199 1129 2236 harena
1157 2196 1238 2235 tibi.

272 2305 301 2334 ΙΙ
330 2314 367 2334 11
393 2303 452 2334 sibi
470 2302 566 2334 Ital.:
592 2312 656 2332 om.
684 2301 714 2332 T

272 2347 320 2378 111
339 2348 412 2378 hab.
440 2346 468 2376 T
596 2356 612 2384 7
637 2355 737 2384 araps
752 2343 813 2374 ΑΛ
945 2354 965 2383 9
987 2343 1084 2374 tortis
1099 2343 1174 2375 Ital.

273 2391 319 2421 IV
342 2391 417 2421 hab.
444 2390 473 2420 T
598 2399 619 2428 3
642 2394 681 2420 tr.
702 2399 731 2419 e.
749 2386 874 2426 gerulis
890 2386 1031 2417 Munro:
1064 2392 1102 2417 tr.
1120 2398 1149 2418 e.
1170 2385 1297 2417 Geticis
1311 2384 1407 2417 Ital.:
1431 2383 1556 2415 tradita

229 2435 380 2465 Gaetulis
396 2433 594 2464 Panormita
725 2432 790 2470 5—6
813 2441 886 2461 nov.
903 2431 1002 2470 epigr.
1018 2429 1242 2461 Schneidewin

270 2478 301 2508 V
324 2477 398 2508 hab.
421 2477 450 2507 T
567 2486 585 2509 4
611 2479 759 2516 praestat
775 2475 856 2505 ΑΑε
881 2474 984 2505 donat
1001 2473 1075 2505 Ital.
