1648 2729
710 119 1182 159 EPIGRAMMATON
1213 119 1318 157 LIB.
1349 90 1431 156 v'11

100 246 182 273 non
211 232 303 283 pila,
332 245 413 271 non
443 231 557 279 follis,
589 244 670 270 non
701 238 739 269 te
767 230 959 281 paganica
987 229 1150 268 thermis

153 305 358 349 praeparat
385 304 454 336 aut
482 295 580 335 nudi
609 295 751 346 stipitis
780 295 881 334 ictus
910 295 1045 342 hebes,

100 376 192 403 vara
220 376 294 402 nec
323 362 363 401 in
392 363 502 402 lento
531 369 730 400 ceromate
759 360 945 400 bracchia
973 360 1115 408 tendis,

154 441 236 468 non
265 429 449 478 harpasta
476 440 596 477 vagus
624 428 898 477 pulverulenta
925 425 1038 476 rapis,
1400 441 1438 462 ιο

101 495 171 534 sed
200 493 321 533 curris
350 492 483 532 niveas
512 500 666 531 tantum
695 505 819 543 prope
848 491 1020 541 Virginis
1049 491 1176 530 undas

154 567 222 599 aut
251 558 319 598 ubi
349 558 515 597 Sidonio
543 565 677 596 taurus
706 571 841 596 amore
869 558 981 596 calet.

103 628 177 665 Per
205 624 329 663 varias
357 631 470 672 artes,
502 623 632 662 omnis
661 623 806 673 quibus
835 636 926 662 area
954 621 1081 669 servit,

155 691 305 739 ludere,
333 703 425 729 cum
454 689 570 728 liceat
599 703 762 736 currere,
793 688 949 739 pigritia
977 695 1047 726 est.

618 767 807 805 XXXIII

102 832 307 873 Sordidior
335 845 461 872 caeno
489 846 581 872 cum
611 832 660 871 sit
689 840 795 882 toga,
823 833 980 871 calceus
1007 838 1141 869 autern

156 898 364 938 candidior
391 898 517 949 prima
545 897 594 936 sit
623 897 709 946 tibi,
737 897 881 945 Cinna,
909 896 1024 936 nive:

102 964 258 1003 deiecto
287 963 396 1014 quid,
427 963 572 1014 inepte,
603 964 726 1013 pedes
755 961 960 1012 perfundis
988 960 1168 1000 amictu?

157 1029 308 1080 collige,
341 1028 481 1076 Cinna,
513 1036 672 1078 togam3
709 1029 866 1066 calceus
895 1040 989 1066 ecce
1018 1026 1128 1078 perit.

627 1106 807 1143 XXXVI

104 1175 208 1213 Cum
238 1171 390 1223 pluvias
420 1171 708 1221 madidumque
739 1172 877 1209 Iovem
907 1171 1076 1220 perferre
1106 1177 1264 1218 negaret

158 1246 197 1278 et
225 1237 333 1277 rudis
362 1237 537 1276 hibernis
565 1236 657 1275 villa
685 1244 836 1275 nataret
864 1235 990 1286 aquis,

104 1303 283 1355 plurima,
316 1316 418 1354 quae
446 1310 581 1353 posset
610 1302 762 1341 subitos
792 1302 996 1340 effundere
1025 1299 1195 1346 nimbos,

158 1369 388 1408 muneribus
417 1368 523 1407 venit
553 1369 683 1418 tegula
712 1367 830 1406 missa
858 1366 945 1405 tuis.

107 1435 300 1483 horridus,
331 1447 436 1482 ecce,
467 1441 582 1473 sonat
613 1435 763 1473 Boreae
793 1432 959 1472 stridore
990 1431 1238 1471 December:
1424 1446 1440 1476 5

161 1502 292 1548 Stella,
324 1500 422 1551 tegis
451 1499 596 1547 villam,
627 1513 708 1538 non
738 1498 836 1549 tegis
865 1497 1088 1549 agricolam.

606 1577 833 1614 XXXVIII

108 1647 261 1682 Tantus
291 1656 332 1682 es
361 1649 400 1681 et
429 1641 516 1681 talis
545 1641 680 1689 nostri,
712 1642 969 1692 Polypheme,
1001 1638 1133 1679 Severi

162 1716 204 1748 ut
233 1716 272 1748 te
301 1707 432 1746 mirari
460 1707 586 1758 possit
615 1714 654 1746 et
682 1706 766 1757 ipse
797 1707 980 1757 Cyclops.

108 1776 179 1814 sed
208 1787 282 1813 nec
311 1775 440 1824 Scylla
468 1772 607 1811 minor.
668 1773 790 1822 Quod
820 1772 852 1810 si
881 1773 962 1810 fera
990 1777 1167 1808 monstra
1196 1769 1365 1807 duorum

162 1839 344 1887 iunxeris‚
374 1837 533 1877 alterius
563 1839 630 1877 fiet
660 1846 825 1888 uterque
855 1836 982 1875 timor.

632 1915 814 1952 XXXIX

219 1981 430 2021 Discursus
459 1979 585 2018 varios
614 1992 838 2029 vagumque
868 1991 985 2017 mane

217 2054 255 2086 et
284 2048 406 2085 fastus
436 2053 474 2085 et
504 2046 603 2084 have
634 2043 903 2096 potentiorum

152 2159 173 2187 9
197 2147 324 2178 inlecto
343 2145 391 2176 CA
474 2154 608 2176 cerome
624 2143 680 2174 BA
787 2152 826 2174 10
851 2142 937 2182 lapis
955 2141 1010 2173 BA
1112 2151 1149 2179 13
1179 2140 1285 2170 fervet
1302 2137 1448 2178 Rutgers

153 2189 310 2222 XXXIII
335 2189 410 2220 hab.
434 2188 464 2219 T
547 2199 566 2219 2
589 2187 648 2220 tibi
664 2197 730 2219 om.
755 2187 785 2218 T
893 2197 914 2225 3
939 2186 1072 2217 deiecto
1088 2185 1165 2215 AA:
1195 2183 1353 2222 neglecto
1370 2182 1447 2211 BA:

110 2237 243 2267 delecto
262 2234 311 2265 CA
331 2234 355 2275 (l
366 2238 429 2274 pro
442 2232 470 2272 j)
498 2249 503 2255 ·

154 2278 305 2310 XXXVI
331 2277 404 2309 hab.
430 2276 460 2308 T
543 2275 565 2307 6
588 2275 677 2306 stilla
699 2274 728 2305 T

154 2321 340 2354 XXXVIII
369 2332 383 2352 1
409 2319 535 2351 nostris
554 2319 603 2350 CA

155 2365 312 2398 XXXIX
330 2375 344 2395 1
371 2369 511 2396 martem
541 2363 590 2394 CA
617 2363 695 2404 (pro
719 2366 805 2401 mae,
832 2360 881 2393 tle.
908 2359 1044 2400 mane2)
1201 2368 1220 2388 2
1245 2357 1373 2388 faustus
1400 2355 1447 2387 CA

112 2412 144 2442 ri.
156 2421 180 2442 e.
200 2410 281 2450 fas-)
