1648 2729
512 173 694 210 INDEX
733 174 1205 214 EPIGRAMMATON

252 284 353 322 Quod
371 284 511 315 nimium
527 289 681 326 mortem,
701 285 914 317 Chaeremon
933 286 1057 327 Stoice,
1076 287 1196 317 laudas
1241 287 1302 328 XI,
1327 289 1382 327 56.

253 328 353 366 Quod
370 333 537 359 nocturna
553 329 623 369 tibi,
646 329 813 370 Leandre,
835 330 1029 369 pepercerit
1045 332 1136 361 unda
1180 331 1243 370 El).
1261 340 1315 370 25.

253 372 354 409 Quod
373 383 441 402 non
459 377 648 412 argentum,
668 374 758 412 quod
777 384 845 404 non
863 374 923 404 tibi
941 374 1106 405 mittimus
1123 385 1241 405 aurum
1286 374 1326 409 V.
1347 385 1400 415 59.

253 415 353 453 Quod
372 426 440 446 non
458 415 500 446 sit
519 416 665 455 Pylades
682 418 745 447 hoc
763 422 927 457 tempore,
948 428 1017 448 non
1035 418 1078 448 sit
1097 418 1240 449 Orestes
1284 418 1342 459 VI,
1367 430 1418 451 11.

253 459 354 497 Quod
372 470 480 490 novus
497 465 530 490 et
546 470 657 499 nuper
674 460 784 491 factus
801 461 860 491 tibi
878 466 1027 500 praestat
1045 462 1174 493 amicus
1220 462 1282 503 III,
1302 464 1354 502 36.

254 502 355 541 Quod
374 503 458 533 nulli
476 503 613 533 calicem
632 508 725 534 tuum
743 505 905 544 propinas
951 504 994 545 II,
1018 515 1067 544 15.

254 546 353 584 Quod
372 547 527 577 nutantia
544 547 655 578 fronte
673 548 837 587 perticata
882 548 922 588 V,
946 558 996 580 12.

253 590 353 628 Quod
371 591 534 629 optimum
552 591 595 621 sit
612 591 761 630 disputat
777 592 969 623 convivium
1016 592 1076 632 IX,
1097 602 1147 632 77.

252 634 353 672 Quod
371 636 446 673 pius
463 640 497 664 et
514 634 660 674 supplex
679 635 819 675 elephas
836 641 879 675 te,
900 636 1037 676 Caesar,
1057 637 1176 667 adorat
1222 636 1286 677 Ep.
1308 647 1356 676 17.

252 678 353 716 Quod
370 688 582 718 quacumque
599 679 696 709 venis
714 680 875 709 Cosmum
892 680 1039 718 migrare
1055 685 1212 719 putamus
1259 680 1321 721 III,
1341 691 1393 721 55.

253 722 353 759 Quod
371 732 507 761 semper
523 722 680 761 casiaque
699 723 926 762 cinnamoque
972 723 1029 762 VI,
1050 733 1104 762 55.

253 765 353 803 Quod
371 776 508 804 semper
523 776 669 805 superos
686 766 792 796 invito
810 767 914 797 fratre
932 768 1058 806 rogasti
1108 766 1169 805 IX,
1189 776 1242 806 51.

251 809 353 847 Quod
371 814 437 839 tam
455 810 583 847 grande
600 810 728 849 sophos
745 811 866 840 clamat
882 811 942 841 tibi
960 811 1058 841 turba
1074 815 1190 850 togata
1233 810 1291 852 VI,
1311 812 1364 850 48.

252 853 351 891 Quod
369 858 402 883 te
419 864 519 883 mane
537 853 628 883 domi
647 858 715 884 toto
733 865 802 884 non
820 855 966 884 vidimus
982 865 1073 885 anno
1119 854 1175 895 IV,
1196 856 1248 887 26.

251 896 352 935 Quod
370 902 403 927 te
422 897 559 927 nomine
576 898 640 927 iam
657 902 717 928 tuo
735 899 845 928 saluto
893 897 936 937 ΙΙ,
956 899 1009 928 68.

252 941 353 978 Quod
371 941 431 970 tibi
450 941 631 971 Decembri
648 952 778 981 mense,
798 952 865 981 quo
882 942 996 972 volant
1012 952 1156 982 mappae
1201 941 1241 982 V,
1266 943 1314 973 18.

253 984 349 1023 Quos
366 989 506 1024 cuperet
525 984 713 1024 Phlegraea
731 996 811 1016 suos
828 985 969 1016 victoria
986 986 1085 1017 ludos
1130 985 1223 1026 VIII,
1246 987 1286 1025 78

254 1067 389 1106 Raptus
407 1067 476 1097 abit
492 1067 603 1097 media
620 1069 711 1107 quod
731 1069 772 1098 ad
789 1068 930 1098 aethera
948 1072 1064 1099 taurus
1081 1069 1209 1100 harena
1255 1068 1317 1109 Ep.
1340 1070 1388 1100 16.

254 1110 364 1141 Raros
381 1111 513 1149 colligis
531 1111 607 1141 hinc
625 1117 658 1141 et
676 1112 753 1141 hinc
769 1111 910 1151 capillos
957 1112 1000 1145 X,
1021 1113 1074 1151 83.

254 1154 394 1185 Raucae
411 1155 537 1185 chortis
554 1166 635 1185 aves
653 1160 686 1185 et
703 1165 766 1185 ova
782 1160 926 1186 matrum
971 1155 1046 1196 VII,
1066 1166 1119 1195 31.

254 1198 364 1238 Regia
381 1199 603 1238 pyramidum,
624 1199 760 1234 Caesar,
782 1199 945 1229 miracula
963 1200 1035 1230 ride
1080 1200 1177 1239 VIII,
1193 1201 1246 1239 36.

254 1241 340 1272 Rem
358 1242 477 1272 factam
496 1242 694 1281 Pompullus
712 1243 824 1282 habet,
847 1243 1030 1274 Faustine:
1055 1243 1189 1283 legetur
1232 1242 1291 1285 VI,
1310 1246 1366 1277 61.

255 1286 384 1316 Rerum
402 1290 493 1316 certa
510 1287 612 1325 salus,
632 1291 798 1316 terrarum
816 1287 932 1326 gloria,
953 1287 1080 1318 Caesar
1126 1287 1168 1328 ΙΙ,
1187 1298 1241 1327 91.

252 1328 351 1360 Retia
369 1331 448 1360 dum
467 1335 602 1360 cessant
619 1330 868 1370 latratoresque
888 1331 1028 1361 Molossi
1073 1331 1153 1372 XII,
1177 1342 1205 1364 ῐ.

254 1373 410 1404 Rictibus
428 1372 479 1403 his
495 1378 613 1404 tauros
631 1384 697 1403 non
716 1374 873 1413 eripuere
890 1374 1043 1413 magistri
1091 1374 1116 1416 I,
1137 1376 1188 1416 48.

253 1417 352 1457 Ride,
373 1418 400 1447 si
417 1417 518 1456 sapis,
540 1428 560 1447 o
578 1419 701 1457 puella,
722 1419 797 1448 ride
844 1417 886 1457 ΙΙ,
908 1429 960 1456 41.

253 1460 398 1491 Romam
416 1461 553 1499 petebat
570 1462 717 1491 esuritor
733 1461 879 1492 Tuccius
927 1461 988 1501 ΙΙΙ,
1012 1472 1060 1500 14,

253 1504 397 1534 Romam
414 1506 510 1543 vade,
531 1505 632 1536 liber:
658 1506 696 1543 si,
717 1505 852 1535 veneris
870 1506 971 1545 unde,
992 1506 1143 1545 requiret
1190 1507 1250 1547 ΙΙΙ,
1272 1519 1302 1547 4.

251 1548 351 1587 Rufe,
370 1549 466 1579 vides
483 1549 577 1579 illum
594 1549 755 1579 subsellia
771 1550 878 1588 prima
895 1554 1063 1580 terentem
1110 1550 1152 1589 ΙΙ,
1172 1561 1224 1590 29.

253 1592 438 1631 Rumpitur
454 1592 581 1622 invidia
597 1593 743 1632 quidam,
764 1593 939 1623 carissime
957 1593 1022 1623 Iuli
1068 1593 1129 1634 IX,
1148 1605 1202 1633 97.

251 1636 355 1666 Ruris
369 1636 573 1667 bibliotheca
590 1636 725 1666 delicati
770 1636 846 1675 VII,
869 1647 916 1675 17.

251 1679 395 1710 Rustica
411 1685 581 1710 mercatus
597 1680 710 1710 multis
727 1690 801 1710 sum
820 1680 960 1719 praedia
978 1682 1122 1712 nummis
1169 1681 1228 1722 VI,
1248 1692 1277 1721 5.

251 1768 356 1798 Sacra
373 1768 528 1807 laresque
548 1769 733 1807 Phrygum,
754 1779 840 1808 quos
857 1769 980 1799 Troiae
997 1770 1115 1800 maluit
1133 1771 1235 1801 heres
1281 1769 1342 1809 XI,
1363 1781 1393 1809 4.

250 1812 395 1842 Saecula
412 1812 681 1852 Carpophorum,
699 1812 837 1852 Caesar,
857 1812 885 1843 si
902 1812 1014 1852 prisca
1029 1814 1188 1845 tulissent
1231 1814 1294 1855 Ep.
1312 1824 1364 1853 27.

250 1855 395 1885 Saecula
414 1856 603 1886 Nestoreae
620 1866 811 1897 permensa,
832 1856 996 1897 Philaeni,
1016 1863 1177 1888 senectae
1223 1858 1284 1897 IX,
1305 1868 1357 1896 29.

251 1899 363 1938 Saepe
380 1900 501 1938 loquar
517 1901 659 1930 nimium
677 1905 798 1938 gentes
814 1901 915 1940 quod,
935 1901 1047 1940 Avite,
1068 1907 1216 1933 remotas
1263 1901 1306 1942 X,
1325 1902 1379 1941 96.

250 1943 363 1982 Saepe
379 1953 472 1973 meos
488 1944 627 1974 laudare
644 1945 746 1983 soles,
766 1944 932 1983 Auguste,
953 1944 1085 1975 libellos
1131 1945 1187 1986 IV,
1207 1956 1258 1985 27.

251 1987 363 2026 Saepe
380 1987 462 2016 mihi
480 1987 574 2027 dicis,
596 1987 677 2017 Luci
696 1987 869 2018 carissime
888 1987 950 2018 Iuli
998 1987 1022 2027 Ι,
1047 1999 1117 2027 107.

250 2030 363 2069 Saepe
381 2041 501 2070 rogare
518 2032 608 2061 soles
625 2032 735 2070 qualis
752 2032 825 2069 sim,
848 2031 972 2071 Prisce,
994 2032 1127 2063 futurus
1173 2032 1251 2072 XII,
1272 2043 1325 2073 92.

251 2074 362 2113 Saepe
380 2075 546 2104 salutatus
564 2085 746 2113 numquam
764 2075 857 2114 prior
874 2075 947 2114 ipse
963 2075 1090 2106 salutas
1136 2076 1175 2117 V,
1195 2078 1248 2108 66.

250 2118 396 2156 Saepius
413 2119 454 2148 ad
470 2119 615 2157 palmam
633 2119 791 2157 prasinus
808 2123 885 2157 post
903 2118 970 2149 sata
986 2119 1133 2150 Neronis
1178 2119 1240 2160 XI,
1259 2132 1313 2161 33,

251 2162 376 2192 Sancta
394 2161 547 2192 Salonini
564 2163 663 2192 terris
681 2163 863 2201 requiescit
881 2162 1021 2193 Hiberis
1066 2162 1123 2201 VI,
1147 2164 1196 2195 18.

252 2206 457 2236 Sanctorum
476 2205 574 2235 nobis
591 2206 751 2236 miracula
770 2207 884 2236 reddis
901 2217 1041 2236 avorum
1086 2206 1179 2246 VIII,
1200 2209 1252 2239 80.

252 2249 439 2279 Sardonica
455 2250 620 2279 medicata
638 2250 730 2279 dedit
749 2250 829 2279 mihi
847 2251 969 2289 pocula
986 2251 1083 2288 virga
1129 2250 1188 2290 IX,
1208 2262 1262 2291 94.

252 2292 506 2331 Sardonychas,
527 2293 736 2331 zmaragdos,
756 2294 962 2333 adamantas,
980 2293 1129 2333 iaspidas
1147 2305 1216 2326 uno
1262 2295 1300 2336 V,
1324 2305 1372 2327 11.

251 2336 444 2366 Saturnalia
460 2336 596 2366 divitem
614 2336 787 2367 Sabellum
834 2336 889 2376 IV,
909 2339 961 2375 46.

252 2380 479 2410 Saturnalicio
499 2380 650 2410 Macrum
669 2380 823 2410 fraudare
841 2381 967 2411 tributo
1013 2380 1056 2421 X,
1080 2382 1130 2413 18.

251 2424 327 2453 Scio
344 2434 397 2453 me
414 2423 638 2463 patrocinium
656 2424 780 2454 debere
797 2425 1113 2455 contumacissimae
1158 2425 1238 2465 XII,
1253 2427 1356 2466 prcus.

254 2467 328 2497 Scis
346 2472 379 2497 te
397 2467 535 2507 captari,
556 2468 622 2498 scis
638 2468 729 2498 hunc
746 2468 802 2507 qui
820 2473 943 2509 captat,
964 2479 1101 2499 avarum
1146 2468 1203 2509 VI,
1223 2471 1279 2509 63.
