1648 2729
218 164 276 201 M.
307 164 431 201 VAL.
464 164 778 203 MARTIALIS

325 289 399 314 nec
429 284 467 315 te
497 276 662 315 barbara
690 276 968 315 contumeliosi

324 343 519 380 calcatum
549 349 634 380 rota
662 349 840 381 conterat
870 342 1033 381 bubulci
1048 358 1058 390 ,·
1532 361 1549 392 5

322 406 379 445 sic
408 414 446 445 et
475 406 661 446 cornibus
689 407 816 446 aureis
845 407 1012 458 receptis

323 479 362 510 et
392 473 599 511 Romanus
629 485 694 511 eas
723 480 889 522 utraque
918 473 1023 523 ripa:

322 537 538 576 Traianum
567 537 725 588 populis
755 538 834 577 suis
864 546 903 577 et
931 538 1030 585 urbi,

321 602 493 653 Thybris
522 611 560 642 te
589 602 776 642 dominus
805 611 926 654 rogat,
957 603 1142 643 remittas.

717 693 824 730 VIII

214 773 376 813 Nubere
406 776 529 813 Paula
557 774 666 825 cupit
695 774 822 822 nobis,
855 788 928 825 ego
958 776 1103 814 ducere
1133 776 1296 814 Paulam

266 841 384 879 nolo:
423 853 522 878 anus
552 847 621 879 est.
682 841 850 887 Vellem,
883 840 915 879 si
944 840 1067 891 magis
1097 848 1200 880 esset
1228 854 1338 885 anus.

744 929 804 966 IX

318 992 499 1032 Vndenis
528 993 778 1043 pedibusque
807 993 1046 1043 syllabisque

319 1066 357 1097 et
387 1060 512 1097 multo
542 1060 633 1106 sale,
664 1072 738 1097 nec
767 1066 901 1097 tamen
929 1066 1112 1109 protervo

318 1130 436 1162 notus
465 1123 649 1174 gentibus
679 1123 744 1162 ille
776 1123 967 1162 Martialis

317 1196 356 1227 et
385 1196 502 1227 notus
531 1188 844 1240 populis—quid
871 1188 1056 1228 invidetis
1068 1190 1139 1227 ?-

316 1266 398 1291 non
428 1267 515 1292 sum
545 1255 828 1293 Andraemone
857 1253 987 1292 notior
1016 1254 1180 1293 caballo.
1529 1273 1546 1304 5

749 1338 787 1374 X

210 1402 313 1441 Cum
344 1409 397 1448 tu,
429 1401 627 1452 laurigeris
656 1415 807 1440 annum
837 1401 905 1452 qui
934 1401 1106 1440 fascibus
1135 1401 1266 1449 intras,

263 1481 379 1506 mane
409 1469 598 1506 salutator
626 1468 763 1506 limina
792 1468 898 1507 mille
928 1475 1042 1515 teras,

208 1532 272 1571 hic
302 1546 375 1583 ego
405 1533 501 1583 quid
531 1533 703 1572 faciam?
742 1533 839 1584 quid
868 1533 996 1581 nobis,
1029 1534 1161 1580 Paule,
1193 1533 1391 1584 relinquis,

261 1598 328 1648 qui
359 1599 409 1637 de
438 1598 555 1648 plebe
586 1600 744 1638 Numae
773 1600 978 1649 densaque
1008 1598 1123 1637 turba
1151 1601 1318 1637 sumus?

207 1663 274 1713 qui
304 1677 367 1702 me
396 1664 578 1714 respiciet
607 1664 818 1703 dominum
848 1677 1060 1715 regemque
1089 1664 1274 1703 vocabo?
1525 1682 1542 1713 5

260 1729 338 1767 hoc
367 1730 537 1767 tu—sed
567 1737 717 1779 quanto
745 1729 931 1768 blandius
951 1729 1100 1779 l—ipse
1128 1729 1234 1767 facis.

205 1793 386 1832 lecticam
416 1796 602 1833 sellamve
631 1796 802 1845 sequar?
833 1808 907 1833 nec
936 1796 1034 1833 ferre
1063 1807 1231 1842 recusas,

258 1872 327 1909 per
356 1860 533 1898 medium
562 1873 714 1910 pugnas
743 1868 781 1898 et
810 1859 914 1910 prior
942 1859 1018 1898 isse
1046 1861 1184 1898 lutum.

205 1924 361 1974 saepius
390 1926 599 1975 adsurgam
629 1925 808 1963 recitanti
838 1925 1044 1963 carmina?
1081 1932 1124 1963 tu
1153 1932 1231 1963 stas

258 1998 297 2028 et
325 1990 467 2040 pariter
495 1990 672 2041 geminas
702 1990 832 2029 tendis
861 1990 901 2028 in
931 2003 999 2029 ora
1028 2003 1179 2028 manus.
1503 2006 1542 2029 10

206 2054 314 2103 Quid
343 2055 460 2094 faciet
488 2069 637 2106 pauper
666 2055 730 2094 cui
758 2069 840 2094 non
869 2055 960 2094 licet
989 2068 1074 2094 esse
1103 2054 1268 2093 clienti?

258 2119 406 2158 dimisit
436 2129 588 2159 nostras
618 2134 790 2171 purpura
818 2129 945 2159 vestra
974 2128 1095 2170 togas.

245 2223 310 2254 VII
336 2233 355 2262 5
381 2230 519 2255 contera
538 2224 631 2264 (EA)
650 2224 701 2255 vel
713 2230 760 2255 -at
780 2224 827 2256 CA
947 2225 968 2254 6
991 2233 1115 2255 aureus
1131 2222 1189 2254 BA
1206 2227 1244 2254 ut
1258 2222 1322 2255 vid.
1339 2223 1421 2264 (-eis
1436 2223 1515 2264 ΡΩ)
1532 2235 1539 2255 :

204 2267 317 2298 aureis
335 2268 385 2299 CA
518 2269 537 2298 8
563 2268 752 2308 populisuis
771 2268 821 2299 CA
910 2268 984 2299 orbi
999 2272 1037 2298 ut
1052 2266 1115 2297 vid.
1138 2267 1187 2298 CA
1323 2278 1344 2307 9
1369 2267 1540 2299 dominum

205 2309 254 2340 CA
472 2311 556 2342 VIII
581 2311 654 2342 hab.
681 2311 740 2342 TR
948 2311 998 2342 IX
1022 2322 1042 2342 2
1067 2321 1130 2342 nec
1150 2321 1190 2342 m.
1210 2310 1259 2341 CA
1463 2311 1495 2342 X
1522 2321 1536 2342 1

203 2354 305 2385 intrat
324 2354 371 2385 CA
392 2366 480 2395 tcum
498 2354 542 2388 L)
671 2365 692 2395 3
717 2354 880 2394 relinquis
896 2366 972 2385 cum
989 2366 1059 2385 var.
1080 2355 1146 2386 lect.
1164 2354 1337 2394 relinquas
1355 2357 1392 2383 ut
1406 2354 1469 2386 vzd
1489 2354 1539 2386 CA

201 2406 220 2435 5
244 2398 320 2436 quis
337 2398 409 2428 BA:
435 2399 490 2438 qui
509 2399 557 2430 CA
633 2399 794 2438 respicies
812 2398 860 2429 CA
961 2401 982 2429 6
1005 2403 1132 2438 quantu
1153 2397 1201 2429 CA
1274 2398 1348 2436 ipsa
1365 2396 1416 2428 CA
1519 2408 1537 2438 7

202 2450 322 2471 recusa
336 2441 385 2472 CA
505 2443 525 2473 8
549 2447 582 2473 et
598 2442 651 2472 BA
670 2453 677 2472 :
701 2448 754 2473 set
772 2442 805 2483 (i.
822 2453 845 2473 e.
864 2442 939 2477 sed)
959 2441 1007 2472 CA
1079 2441 1127 2472 ire
1145 2441 1198 2472 ΒΑ
1214 2452 1221 2472 z
1245 2441 1310 2472 iste
1328 2441 1375 2472 CA
1394 2441 1476 2482 (isse
1495 2441 1536 2483 C)

201 2494 222 2523 9
247 2489 350 2515 tostas
369 2484 417 2516 CA
553 2496 591 2516 12
617 2486 729 2517 dimisi
748 2486 794 2517 CA
883 2491 997 2517 vestra
1013 2485 1128 2526 togas]
1147 2489 1314 2516 uestratos
1333 2485 1380 2517 CA
