1648 2729
182 120 240 158 M.
271 120 395 158 VAL.
427 119 743 158 MARTIALIS

182 239 221 271 et
250 238 292 270 tu
323 231 484 270 Ledaeo
512 231 603 269 felix
632 231 816 281 Aquileia
850 231 1030 279 Timavo,
1496 249 1513 280 5

235 295 300 334 hic
329 295 398 334 ubi
426 303 609 346 septenas
640 297 817 347 Cyllarus
846 296 977 335 hausit
1005 310 1154 347 aquas:

181 375 251 400 vos
281 361 385 400 eritis
414 369 571 400 nostrae
600 362 754 412 requies
783 369 1000 412 portusque
1029 370 1221 409 senectae,

236 426 268 464 si
297 425 389 464 iuris
418 426 562 465 fuerint
591 426 672 465 otia
700 435 834 466 nostra
863 427 934 466 sui.

667 511 806 547 XXVI

184 579 306 628 Quod
336 585 373 617 te
403 592 519 617 mane
548 579 658 617 domi
688 587 772 618 toto
802 593 883 618 non
912 579 1083 619 vidimus
1113 594 1232 629 anno,

235 643 293 681 vis
323 643 453 682 dicam
483 652 690 694 quantum,
720 647 923 693 Postume,
951 645 1220 696 perdiderim?

181 709 384 756 Tricenos,
415 716 524 759 puto,
556 709 626 757 bis,
659 709 819 749 vicenos
848 718 916 758 ter,
948 718 1055 761 puto,
1087 724 1285 750 nummos.

238 775 450 823 Ignosces:
489 777 676 824 togulam,
708 777 908 823 Postume,
939 776 1060 826 pluris
1089 790 1192 816 emo.

660 860 824 897 XXVII

183 923 309 972 Saepe
339 936 448 961 meos
476 924 637 962 laudare
665 925 777 971 soles,
809 926 998 974 Auguste,
1028 924 1193 963 libellos.

237 987 393 1026 invidus
423 1001 516 1026 ecce
545 996 685 1039 negat:
724 1003 820 1027 num
850 989 980 1028 minus
1011 1003 1102 1041 ergo
1132 991 1266 1029 soles?

183 1052 279 1103 quid
310 1054 419 1102 quod
448 1054 643 1092 honorato
673 1068 754 1093 non
784 1056 869 1093 sola
896 1069 994 1094 voce
1023 1055 1168 1094 dedisti

237 1130 318 1155 non
348 1117 446 1156 alius
476 1126 628 1168 poterat
657 1133 759 1169 quae
789 1121 882 1158 dare
911 1121 1018 1158 dona
1047 1119 1176 1158 mihi?

185 1183 291 1221 Ecce
320 1182 461 1221 iterum
491 1183 622 1234 nigros
651 1185 834 1223 conrodit
862 1185 1004 1224 lividus
1034 1199 1197 1236 ungues.
1501 1202 1518 1234 5

238 1249 300 1295 da,
333 1249 489 1296 Caesar,
521 1257 632 1288 tanto
661 1257 703 1288 tu
733 1250 870 1300 magis,
899 1258 942 1289 ut
971 1252 1114 1290 doleat.

670 1333 811 1369 XXIX

186 1395 344 1444 Opstat,
372 1409 460 1434 care
490 1397 664 1445 Pudens,
694 1397 836 1436 nostris
865 1411 936 1436 sua
964 1397 1079 1436 turba
1106 1397 1248 1436 libellis

238 1462 507 1511 lectoremque
536 1463 720 1512 frequens
749 1464 867 1501 lassat
896 1470 934 1501 et
963 1463 1101 1513 implet
1130 1476 1240 1513 opus.

185 1540 269 1565 rara
297 1526 455 1565 iuvant:
494 1527 629 1577 primis
660 1528 715 1567 sic
745 1528 869 1567 maior
897 1528 1019 1579 gratia
1047 1528 1188 1579 pomis,

239 1591 428 1631 hibernae
457 1592 626 1642 pretium
657 1593 711 1632 sic
741 1607 918 1632 meruere
947 1607 1058 1632 rosae
1072 1608 1083 1642 3

185 1657 241 1696 sic
271 1657 534 1707 spoliatricem
564 1659 820 1696 commendat
848 1659 969 1696 fastus
998 1658 1168 1697 amicam
1501 1676 1518 1707 5

239 1721 358 1760 ianua
386 1736 460 1761 nec
489 1722 672 1761 iuvenem
703 1736 858 1773 semper
886 1730 1020 1773 aperta
1049 1731 1167 1762 tenet.

186 1787 340 1837 saepius
370 1787 410 1825 in
439 1787 540 1826 libro
569 1796 797 1826 numeratur
826 1788 981 1827 Persius
1011 1801 1092 1826 uno

240 1866 360 1902 quam
390 1852 485 1891 levis
515 1852 555 1890 in
585 1860 668 1891 tota
698 1855 854 1891 Marsus
884 1853 1142 1892 Amazonide.

186 1919 249 1956 Tu
279 1931 438 1968 quoque
467 1920 518 1957 de
547 1918 688 1957 nostris
718 1920 865 1969 releges
894 1932 1189 1969 quemcumque
1217 1918 1368 1965 libellis,

240 1996 326 2022 esse
354 1991 449 2034 puta
477 1985 629 2023 solum:
669 1983 723 2022 sic
753 1984 825 2022 tibi
853 1984 973 2034 pluris
1003 1984 1084 2023 erit.
1479 1999 1520 2023 10

231 2087 332 2162 X{g
355 2089 375 2118 6
398 2088 509 2118 haurit
525 2088 585 2118 ΑΛ
604 2090 687 2129 (aur.
713 2087 828 2128 T)CA:
853 2088 966 2119 hausit
982 2088 1039 2119 BA
1193 2099 1210 2128 7
1235 2093 1356 2129 portus
1371 2089 1519 2129 requies-

184 2141 251 2171 que
303 2163 324 2169 ,a

187 2219 192 2224 ι
231 2175 347 2205 XXVI
372 2175 445 2206 lmb.
471 2175 500 2205 T
585 2186 603 2205 2
628 2180 787 2215 quantum
805 2186 870 2207 om.
896 2175 926 2206 T
1009 2185 1029 2215 3
1053 2175 1208 2216 vicenos]
1226 2176 1334 2206 denos
1352 2176 1400 2207 CA
1499 2187 1519 2215 4

184 2219 462 2293 OEIXXV'IIIImb.
483 2262 516 2292 R
666 2273 684 2292 2
710 2273 779 2293 non
800 2263 859 2302 (ita
878 2262 925 2304 Q)
941 2273 980 2293 ex
995 2273 1039 2293 no
1055 2261 1089 2292 R
1109 2262 1179 2303 (vix
1193 2262 1267 2303 ΑΛ)
1284 2273 1291 2293 :
1316 2273 1394 2293 num
1412 2261 1520 2294 ΒΑΕΑ

186 2316 205 2344 3
231 2306 391 2344 quidquid
409 2306 441 2337 h.
462 2305 504 2337 R.
595 2315 614 2345 5
639 2307 804 2337 conrodet
821 2307 855 2336 R

229 2349 351 2379 XXIX
376 2361 394 2380 2
419 2360 504 2389 opes
520 2349 577 2380 BA
681 2359 700 2388 3
725 2350 855 2389 pudent
871 2349 948 2381 BA:
971 2350 1089 2380 iuuant
1104 2349 1152 2380 CA
1275 2351 1296 2381 8
1321 2359 1453 2381 marcus
1472 2349 1520 2380 CA

189 2402 227 2423 10
250 2398 350 2432 putas
366 2393 421 2424 BA
440 2402 519 2433 (seq.
538 2394 568 2434 s)
