1648 2729
189 91 244 127 M.
277 90 401 127 VAL.
433 90 747 128 MARTIALIS

186 200 349 249 grandia
376 200 574 251 pollicitus
603 209 754 251 quanto
783 201 932 241 maiora
960 201 1128 241 dedisti!

240 266 432 316 promissa
460 274 518 305 est
547 267 663 305 nobis
692 269 876 317 sportula,
908 275 1014 306 recta
1042 268 1134 306 data
1162 274 1231 305 est.
1483 283 1521 305 10

667 356 700 393 L
731 354 824 406 (LI)

188 424 288 474 Quis
316 426 428 463 labor
456 425 496 463 in
525 425 686 475 phiala?
723 426 831 464 docti
861 428 978 476 Myos
1006 440 1111 465 anne
1141 428 1364 476 Myronos?

243 490 436 528 Mentoris
466 491 564 529 haec
593 504 734 529 manus
764 499 822 529 est
850 505 912 538 an,
945 491 1146 541 Polyclite‚
1178 493 1274 530 tua?

187 555 335 593 livescit
365 557 473 594 nulla
501 555 667 606 caligine
696 557 806 594 fusca
835 570 909 595 nec
939 556 1023 595 odit

241 623 504 671 exploratores
533 621 670 659 nubila
699 635 828 659 massa
856 623 966 660 focos
982 636 992 669 3

186 699 276 724 vera
305 685 434 724 minus
464 687 566 725 flavo
594 686 748 724 radiant
777 688 921 725 electra
949 689 1109 726 metallo
1501 705 1519 736 5

241 760 278 789 et
308 751 467 789 niveum
496 751 588 789 felix
617 753 774 801 pustula
803 751 923 790 vincit
953 752 1060 790 ebur.

188 816 373 855 materiae
402 830 483 855 non
514 816 619 854 cedit
648 830 775 866 opus:
816 816 871 855 sic
900 817 1032 866 alligat
1062 818 1210 865 orbern,

240 881 408 931 plurima
437 895 527 919 cum
558 889 641 919 tota
670 883 852 931 lampade
882 883 976 920 luna
1005 882 1113 921 nitet.

187 955 262 985 stat
291 960 408 996 caper
435 946 579 985 Aeolio
608 946 792 985 Thebani
822 949 964 986 vellere
994 947 1126 985 Phrixi

241 1013 396 1050 cultus:
435 1013 485 1050 ab
515 1013 592 1050 hoc
622 1013 755 1050 mallet
784 1020 897 1050 vecta
925 1012 1044 1051 fuisse
1074 1026 1207 1061 soror,
1483 1031 1523 1052 10

188 1079 294 1115 hunc
324 1090 398 1115 nec
428 1076 650 1127 Cinyphius
679 1085 816 1115 tonsor
844 1077 1045 1116 violaverit
1075 1085 1113 1116 et
1142 1086 1184 1116 tu

242 1142 325 1192 ipse
355 1150 421 1180 tua
450 1142 559 1192 pasci
588 1142 676 1189 vite,
710 1144 849 1192 Lyaee,
881 1142 988 1181 velis.

190 1218 296 1258 terga
326 1207 467 1258 premit
497 1207 661 1257 pecudis
690 1207 857 1257 geminis
887 1209 1013 1246 Amor
1041 1222 1183 1247 aureus
1212 1208 1293 1256 alis,

243 1273 443 1311 Palladius
474 1281 610 1311 tenero
640 1274 742 1311 lotos
772 1273 822 1311 ab
853 1287 919 1311 ore
950 1281 1090 1312 sonat:

188 1339 242 1377 sic
273 1339 559 1388 Methymnaeo
588 1338 743 1388 gavisus
773 1338 921 1377 Arione
951 1338 1115 1389 delphin
1484 1357 1523 1388 15

240 1403 426 1454 languida
454 1417 536 1441 non
565 1403 728 1441 taciturn
758 1417 826 1454 per
854 1405 952 1442 freta
979 1404 1083 1442 vexit
1112 1418 1223 1442 onus.

190 1470 349 1507 Imbuat
379 1469 577 1519 egregium
608 1468 730 1519 digno
760 1469 858 1507 mihi
887 1477 1046 1508 nectare
1077 1483 1221 1508 munus

242 1548 323 1573 non
352 1548 466 1585 grege
496 1536 546 1572 de
575 1533 727 1572 domini
757 1536 827 1572 sed
857 1542 934 1581 tua,
967 1535 1096 1582 Ceste,
1128 1548 1293 1583 manus;

190 1602 318 1647 Ceste,
351 1601 473 1638 decus
503 1613 674 1646 mensae,
708 1599 829 1637 misce
859 1599 1019 1638 Setina:
1058 1599 1213 1638 videtur

242 1665 326 1715 ipse
354 1678 452 1715 puer
480 1664 607 1711 nobis,
639 1663 723 1714 ipse
752 1663 857 1702 sitire
886 1678 1012 1714 caper.
1483 1682 1524 1704 20

190 1732 257 1769 ‹let
286 1744 495 1768 numerum
527 1729 676 1779 cyathis
707 1729 847 1768 Istanti
877 1729 1004 1768 littera
1034 1731 1153 1768 Rufi:

243 1803 379 1834 auctor
408 1794 514 1833 enim
544 1794 642 1832 tanti
672 1794 844 1832 muneris
873 1793 938 1833 ille
968 1794 1088 1833 mihi:

250 1861 466 1898 Telethusa
493 1859 600 1898 venit
629 1859 901 1909 promissaque
929 1860 1072 1909 gaudia
1100 1867 1240 1910 portat,

244 1926 428 1964 servabor
457 1925 654 1972 dominae,
688 1926 803 1971 Rufe,
835 1925 975 1963 triente
1005 1933 1073 1964 tuo
1090 1940 1100 1973 3

191 1991 219 2028 si
251 1990 374 2029 dubia
403 1998 472 2037 est,
504 1998 695 2039 septunce
724 1991 879 2038 trahar,
919 1990 950 2028 si
979 1989 1075 2028 fallit
1104 1999 1315 2037 amantem,

1486 2009 1522 2040 25

244 2064 286 2094 ut
314 2056 485 2106 iugulem
516 2069 639 2102 curas,
670 2069 819 2094 nomen
847 2064 1058 2105 utrumque
1087 2055 1233 2094 bibam.

236 2160 262 2189 L
290 2169 302 2189 1
330 2159 531 2190 docetimios
551 2158 599 2189 CA
717 2169 736 2189 2
760 2170 779 2190 a
798 2158 847 2190 CA
867 2161 944 2198 (pro
960 2163 989 2196 ἓ,
1008 2159 1027 2189 i.
1037 2169 1058 2188 e.
1074 2168 1114 2188 an
1130 2159 1154 2192 2)
1275 2168 1294 2197 3
1318 2159 1428 2198 lagine
1444 2159 1500 2189 BA
1518 2172 1524 2190 :

192 2204 347 2242 calligine
366 2203 415 2234 CA
548 2214 567 2241 4
592 2203 688 2232 focus
704 2202 760 2232 BA
889 2204 910 2232 6
933 2202 1079 2241 punsula
1094 2201 1151 2231 ΒΑ
1294 2212 1311 2241 7
1338 2203 1452 2233 urbem
1469 2203 1525 2233 ΒΑ

195 2257 232 2277 12
257 2247 372 2277 uitelia
391 2257 441 2276 uc.
463 2245 513 2276 CA
627 2256 663 2284 13
689 2256 792 2285 pecus
811 2245 861 2276 CA
936 2246 1091 2285 geminus
1108 2244 1165 2275 BA
1277 2255 1315 2284 15
1340 2246 1458 2277 orione
1469 2247 1524 2277 ΒΑ

194 2292 232 2320 16
255 2301 341 2321 anus
357 2289 414 2320 BA
535 2290 573 2320 18
597 2290 743 2320 dominis
760 2299 786 2320 s.
809 2289 921 2328 (PQf)
939 2290 988 2320 vel
1005 2288 1132 2319 domini
1149 2298 1174 2320 s.
1195 2287 1254 2328 (L)
1274 2289 1328 2319 BA
1346 2301 1353 2320 ε
1377 2290 1524 2322 dominis

192 2339 224 2363 et
242 2333 291 2363 CA
493 2343 530 2364 21
558 2333 697 2363 instanti
730 2333 807 2364 BA:
846 2333 1006 2363 instantis
1039 2332 1112 2363 CA:
1150 2332 1205 2362 vix
1237 2333 1366 2364 Instani
1400 2334 1451 2374 (cf
1481 2333 1528 2364 ad

192 2376 355 2417 LXXIII,
378 2377 408 2417 1)
543 2387 584 2416 23
608 2377 841 2417 permissaque
857 2376 889 2407 E
1019 2386 1060 2416 25
1078 2376 1153 2406 thar
1171 2375 1220 2407 CA
