<?xml version="1.0" encoding="UTF-8"?>
<!DOCTYPE html PUBLIC "-//W3C//DTD XHTML 1.0 Transitional//EN"
    "http://www.w3.org/TR/xhtml1/DTD/xhtml1-transitional.dtd">
<html xmlns="http://www.w3.org/1999/xhtml" xml:lang="en" lang="en">
 <head>
  <title>
</title>
<meta http-equiv="Content-Type" content="text/html;charset=utf-8" />
  <meta name='ocr-system' content='tesseract 3.04.00' />
  <meta name='ocr-capabilities' content='ocr_page ocr_carea ocr_par ocr_line ocrx_word'/>
</head>
<body>
  <div class='ocr_page' id='page_1' title='image "./epigrammatasele00martuoft_0145.png"; bbox 0 0 1648 2729; ppageno 0'>
   <div class='ocr_carea' id='block_1_1' title="bbox 723 113 1421 152">
    <p class='ocr_par' dir='ltr' id='par_1_1' title="bbox 723 113 1421 152">
     <span class='ocr_line' id='line_1_1' title="bbox 723 113 1421 152; baseline 0.003 -2"><span class='ocrx_word' id='word_1_1' title='bbox 723 113 1192 152; x_wconf 84' lang='lat' dir='ltr'>EPIGRAMMATON</span> <span class='ocrx_word' id='word_1_2' title='bbox 1225 115 1330 152; x_wconf 91' lang='lat' dir='ltr'>LIB.</span> <span class='ocrx_word' id='word_1_3' title='bbox 1362 115 1421 152; x_wconf 90' lang='lat' dir='ltr'>VI</span> 
     </span>
    </p>
   </div>
   <div class='ocr_carea' id='block_1_2' title="bbox 190 224 1423 535">
    <p class='ocr_par' dir='ltr' id='par_1_2' title="bbox 190 224 978 275">
     <span class='ocr_line' id='line_1_2' title="bbox 190 224 978 275; baseline 0 -12"><span class='ocrx_word' id='word_1_4' title='bbox 190 225 377 263; x_wconf 82' lang='lat' dir='ltr'>deberem</span> <span class='ocrx_word' id='word_1_5' title='bbox 408 224 489 272; x_wconf 91' lang='lat' dir='ltr'><strong>tibi,</strong></span> <span class='ocrx_word' id='word_1_6' title='bbox 523 226 652 272; x_wconf 80' lang='lat' dir='ltr'><strong>Paete,</strong></span> <span class='ocrx_word' id='word_1_7' title='bbox 684 238 755 275; x_wconf 94' lang='lat' dir='ltr'><strong>pro</strong></span> <span class='ocrx_word' id='word_1_8' title='bbox 784 225 978 264; x_wconf 90' lang='lat' dir='ltr'><strong>ducentis.</strong></span> 
     </span>
    </p>

    <p class='ocr_par' dir='ltr' id='par_1_3' title="bbox 191 289 989 338">
     <span class='ocr_line' id='line_1_3' title="bbox 191 289 989 338; baseline 0.001 -11"><span class='ocrx_word' id='word_1_9' title='bbox 191 297 230 327; x_wconf 86' lang='lat' dir='ltr'><strong>at</strong></span> <span class='ocrx_word' id='word_1_10' title='bbox 259 302 366 328; x_wconf 88' lang='lat' dir='ltr'><strong>nunc</strong></span> <span class='ocrx_word' id='word_1_11' title='bbox 395 303 486 328; x_wconf 90' lang='lat' dir='ltr'><strong>cum</strong></span> <span class='ocrx_word' id='word_1_12' title='bbox 517 289 673 328; x_wconf 90' lang='lat' dir='ltr'><strong>dederis</strong></span> <span class='ocrx_word' id='word_1_13' title='bbox 703 289 771 328; x_wconf 90' lang='lat' dir='ltr'><strong>diu</strong></span> <span class='ocrx_word' id='word_1_14' title='bbox 802 298 989 338; x_wconf 84' lang='lat' dir='ltr'><strong>moratus,</strong></span> 
     </span>
    </p>

    <p class='ocr_par' dir='ltr' id='par_1_4' title="bbox 191 356 1423 458">
     <span class='ocr_line' id='line_1_4' title="bbox 191 356 1423 405; baseline 0.002 -13"><span class='ocrx_word' id='word_1_15' title='bbox 191 362 281 405; x_wconf 90' lang='lat' dir='ltr'><strong>post</strong></span> <span class='ocrx_word' id='word_1_16' title='bbox 308 362 472 405; x_wconf 91' lang='lat' dir='ltr'><strong>septem,</strong></span> <span class='ocrx_word' id='word_1_17' title='bbox 505 362 612 405; x_wconf 90' lang='lat' dir='ltr'><strong>puto,</strong></span> <span class='ocrx_word' id='word_1_18' title='bbox 644 356 705 393; x_wconf 88' lang='lat' dir='ltr'><strong>vel</strong></span> <span class='ocrx_word' id='word_1_19' title='bbox 735 368 879 393; x_wconf 86' lang='lat' dir='ltr'><strong>novem</strong></span> <span class='ocrx_word' id='word_1_20' title='bbox 911 356 1126 403; x_wconf 80' lang='lat' dir='ltr'>Kalendas,</span> <span class='ocrx_word' id='word_1_21' title='bbox 1405 374 1423 403; x_wconf 83' lang='lat'>5</span> 
     </span>
     <span class='ocr_line' id='line_1_5' title="bbox 191 419 847 458; baseline 0.003 -2"><span class='ocrx_word' id='word_1_22' title='bbox 191 419 247 457; x_wconf 92' lang='lat' dir='ltr'><strong>vis</strong></span> <span class='ocrx_word' id='word_1_23' title='bbox 277 419 407 458; x_wconf 88' lang='lat' dir='ltr'><strong>dicam</strong></span> <span class='ocrx_word' id='word_1_24' title='bbox 437 419 509 458; x_wconf 89' lang='lat' dir='ltr'><strong>tibi</strong></span> <span class='ocrx_word' id='word_1_25' title='bbox 537 419 687 458; x_wconf 77' lang='lat' dir='ltr'><strong>veriora</strong></span> <span class='ocrx_word' id='word_1_26' title='bbox 715 420 847 458; x_wconf 85' lang='lat' dir='ltr'><strong>veris?</strong></span> 
     </span>
    </p>

    <p class='ocr_par' dir='ltr' id='par_1_5' title="bbox 192 484 900 535">
     <span class='ocr_line' id='line_1_6' title="bbox 192 484 900 535; baseline 0.001 -12"><span class='ocrx_word' id='word_1_27' title='bbox 192 486 266 523; x_wconf 88' lang='lat' dir='ltr'><strong>Sex</strong></span> <span class='ocrx_word' id='word_1_28' title='bbox 296 484 483 532; x_wconf 84' lang='lat' dir='ltr'><strong>sestertia,</strong></span> <span class='ocrx_word' id='word_1_29' title='bbox 517 487 647 532; x_wconf 81' lang='lat' dir='ltr'><strong>Paete,</strong></span> <span class='ocrx_word' id='word_1_30' title='bbox 679 485 900 535; x_wconf 86' lang='lat' dir='ltr'><strong>perdidisti.</strong></span> 
     </span>
    </p>
   </div>
   <div class='ocr_carea' id='block_1_3' title="bbox 559 563 722 599">
    <p class='ocr_par' dir='ltr' id='par_1_6' title="bbox 559 563 722 599">
     <span class='ocr_line' id='line_1_7' title="bbox 559 563 722 599; baseline 0 0"><span class='ocrx_word' id='word_1_31' title='bbox 559 563 722 599; x_wconf 87' lang='lat' dir='ltr'>XXXII</span> 
     </span>
    </p>
   </div>
   <div class='ocr_carea' id='block_1_4' title="bbox 83 631 1084 876">
    <p class='ocr_par' dir='ltr' id='par_1_7' title="bbox 83 631 1084 813">
     <span class='ocr_line' id='line_1_8' title="bbox 85 631 997 682; baseline 0.001 -12"><span class='ocrx_word' id='word_1_32' title='bbox 85 632 187 670; x_wconf 84' lang='lat' dir='ltr'><strong>Cum</strong></span> <span class='ocrx_word' id='word_1_33' title='bbox 217 631 416 670; x_wconf 83' lang='lat' dir='ltr'><strong>dubitaret</strong></span> <span class='ocrx_word' id='word_1_34' title='bbox 444 632 577 670; x_wconf 89' lang='lat' dir='ltr'><strong>adhuc</strong></span> <span class='ocrx_word' id='word_1_35' title='bbox 605 631 699 670; x_wconf 92' lang='lat' dir='ltr'><strong>belli</strong></span> <span class='ocrx_word' id='word_1_36' title='bbox 728 631 851 670; x_wconf 85' lang='lat' dir='ltr'><strong>civilis</strong></span> <span class='ocrx_word' id='word_1_37' title='bbox 884 634 997 682; x_wconf 89' lang='lat' dir='ltr'>Enyo</span> 
     </span>
     <span class='ocr_line' id='line_1_9' title="bbox 137 696 1025 746; baseline 0.003 -12"><span class='ocrx_word' id='word_1_38' title='bbox 137 696 298 735; x_wconf 88' lang='lat' dir='ltr'><strong>forsitan</strong></span> <span class='ocrx_word' id='word_1_39' title='bbox 328 704 367 735; x_wconf 92' lang='lat' dir='ltr'><strong>et</strong></span> <span class='ocrx_word' id='word_1_40' title='bbox 396 704 529 746; x_wconf 85' lang='lat' dir='ltr'><strong>posset</strong></span> <span class='ocrx_word' id='word_1_41' title='bbox 558 696 715 735; x_wconf 91' lang='lat' dir='ltr'><strong>vincere</strong></span> <span class='ocrx_word' id='word_1_42' title='bbox 744 698 873 736; x_wconf 92' lang='lat' dir='ltr'><strong>mollis</strong></span> <span class='ocrx_word' id='word_1_43' title='bbox 903 699 1025 745; x_wconf 85' lang='lat' dir='ltr'><strong>Otho,</strong></span> 
     </span>
     <span class='ocr_line' id='line_1_10' title="bbox 83 761 1084 813; baseline 0.002 -14"><span class='ocrx_word' id='word_1_44' title='bbox 83 761 286 799; x_wconf 88' lang='lat' dir='ltr'><strong>damnavit</strong></span> <span class='ocrx_word' id='word_1_45' title='bbox 315 763 441 800; x_wconf 90' lang='lat' dir='ltr'><strong>multo</strong></span> <span class='ocrx_word' id='word_1_46' title='bbox 471 769 662 800; x_wconf 90' lang='lat' dir='ltr'><strong>staturum</strong></span> <span class='ocrx_word' id='word_1_47' title='bbox 693 762 883 813; x_wconf 87' lang='lat' dir='ltr'><strong>sanguine</strong></span> <span class='ocrx_word' id='word_1_48' title='bbox 914 765 1084 801; x_wconf 87' lang='lat' dir='ltr'><strong>Martem</strong></span> 
     </span>
    </p>

    <p class='ocr_par' dir='ltr' id='par_1_8' title="bbox 136 826 898 876">
     <span class='ocr_line' id='line_1_11' title="bbox 136 826 898 876; baseline 0.003 -12"><span class='ocrx_word' id='word_1_49' title='bbox 136 834 175 865; x_wconf 94' lang='lat' dir='ltr'><strong>et</strong></span> <span class='ocrx_word' id='word_1_50' title='bbox 203 826 304 865; x_wconf 87' lang='lat' dir='ltr'><strong>fodit</strong></span> <span class='ocrx_word' id='word_1_51' title='bbox 333 834 438 865; x_wconf 88' lang='lat' dir='ltr'><strong>certa</strong></span> <span class='ocrx_word' id='word_1_52' title='bbox 466 835 627 876; x_wconf 82' lang='lat' dir='ltr'><strong>pectora</strong></span> <span class='ocrx_word' id='word_1_53' title='bbox 656 835 738 866; x_wconf 89' lang='lat' dir='ltr'><strong>tota</strong></span> <span class='ocrx_word' id='word_1_54' title='bbox 767 842 898 866; x_wconf 89' lang='lat' dir='ltr'><strong>manu.</strong></span> 
     </span>
    </p>
   </div>
   <div class='ocr_carea' id='block_1_5' title="bbox 84 891 1423 1072">
    <p class='ocr_par' dir='ltr' id='par_1_9' title="bbox 84 891 1423 1072">
     <span class='ocr_line' id='line_1_12' title="bbox 84 891 1423 941; baseline 0.001 -11"><span class='ocrx_word' id='word_1_55' title='bbox 84 891 141 930; x_wconf 90' lang='lat' dir='ltr'><strong>Sit</strong></span> <span class='ocrx_word' id='word_1_56' title='bbox 170 892 283 939; x_wconf 88' lang='lat' dir='ltr'><strong>Cato,</strong></span> <span class='ocrx_word' id='word_1_57' title='bbox 316 893 412 930; x_wconf 92' lang='lat' dir='ltr'><strong>dum</strong></span> <span class='ocrx_word' id='word_1_58' title='bbox 443 892 547 939; x_wconf 83' lang='lat' dir='ltr'><strong>vivit,</strong></span> <span class='ocrx_word' id='word_1_59' title='bbox 580 905 674 931; x_wconf 89' lang='lat' dir='ltr'><strong>sane</strong></span> <span class='ocrx_word' id='word_1_60' title='bbox 704 895 765 931; x_wconf 91' lang='lat' dir='ltr'><strong>vel</strong></span> <span class='ocrx_word' id='word_1_61' title='bbox 795 894 965 932; x_wconf 84' lang='lat' dir='ltr'><strong>Caesare</strong></span> <span class='ocrx_word' id='word_1_62' title='bbox 995 892 1144 932; x_wconf 88' lang='lat' dir='ltr'><strong>maior:</strong></span> <span class='ocrx_word' id='word_1_63' title='bbox 1406 912 1423 941; x_wconf 81' lang='lat'>5</span> 
     </span>
     <span class='ocr_line' id='line_1_13' title="bbox 138 957 1144 1007; baseline 0 -12"><span class='ocrx_word' id='word_1_64' title='bbox 138 958 233 996; x_wconf 92' lang='lat' dir='ltr'><strong>dum</strong></span> <span class='ocrx_word' id='word_1_65' title='bbox 264 957 438 1004; x_wconf 88' lang='lat' dir='ltr'><strong>moritur,</strong></span> <span class='ocrx_word' id='word_1_66' title='bbox 470 957 665 1007; x_wconf 87' lang='lat' dir='ltr'><strong>numquid</strong></span> <span class='ocrx_word' id='word_1_67' title='bbox 695 957 820 996; x_wconf 89' lang='lat' dir='ltr'><strong>maior</strong></span> <span class='ocrx_word' id='word_1_68' title='bbox 849 958 1012 997; x_wconf 87' lang='lat' dir='ltr'><strong>Othone</strong></span> <span class='ocrx_word' id='word_1_69' title='bbox 1041 958 1144 996; x_wconf 90' lang='lat' dir='ltr'><strong>fuit?</strong></span> 
     </span>
     <span class='ocr_line' id='line_1_14' title="bbox 553 1036 734 1072; baseline 0 -1"><span class='ocrx_word' id='word_1_70' title='bbox 553 1036 734 1072; x_wconf 85' lang='lat' dir='ltr'>XXXIV</span> 
     </span>
    </p>
   </div>
   <div class='ocr_carea' id='block_1_6' title="bbox 83 1103 1421 1611">
    <p class='ocr_par' dir='ltr' id='par_1_10' title="bbox 86 1103 1320 1208">
     <span class='ocr_line' id='line_1_15' title="bbox 86 1103 1320 1155; baseline 0.001 -13"><span class='ocrx_word' id='word_1_71' title='bbox 86 1103 200 1142; x_wconf 89' lang='lat' dir='ltr'><strong>Basia</strong></span> <span class='ocrx_word' id='word_1_72' title='bbox 229 1105 280 1142; x_wconf 91' lang='lat' dir='ltr'><strong>da</strong></span> <span class='ocrx_word' id='word_1_73' title='bbox 309 1103 440 1151; x_wconf 84' lang='lat' dir='ltr'><strong>nobis,</strong></span> <span class='ocrx_word' id='word_1_74' title='bbox 470 1103 733 1152; x_wconf 85' lang='lat' dir='ltr'><strong>Diadumene,</strong></span> <span class='ocrx_word' id='word_1_75' title='bbox 765 1118 907 1154; x_wconf 89' lang='lat' dir='ltr'><strong>pressa.</strong></span> <span class='ocrx_word' id='word_1_76' title='bbox 970 1108 978 1124; x_wconf 88' lang='lat'>‘</span> <span class='ocrx_word' id='word_1_77' title='bbox 996 1106 1130 1154; x_wconf 86' lang='lat' dir='ltr'><strong>Quot⁷</strong></span> <span class='ocrx_word' id='word_1_78' title='bbox 1160 1105 1320 1155; x_wconf 83' lang='lat' dir='ltr'><strong>inquis?</strong></span> 
     </span>
     <span class='ocr_line' id='line_1_16' title="bbox 139 1168 934 1208; baseline 0.001 -1"><span class='ocrx_word' id='word_1_79' title='bbox 139 1168 291 1208; x_wconf 86' lang='lat' dir='ltr'><strong>Oceani</strong></span> <span class='ocrx_word' id='word_1_80' title='bbox 320 1170 462 1208; x_wconf 87' lang='lat' dir='ltr'><strong>fluctus</strong></span> <span class='ocrx_word' id='word_1_81' title='bbox 493 1182 556 1207; x_wconf 93' lang='lat' dir='ltr'><strong>me</strong></span> <span class='ocrx_word' id='word_1_82' title='bbox 586 1183 792 1208; x_wconf 89' lang='lat' dir='ltr'><strong>numerare</strong></span> <span class='ocrx_word' id='word_1_83' title='bbox 822 1169 934 1208; x_wconf 90' lang='lat' dir='ltr'><strong>iubes</strong></span> 
     </span>
    </p>

    <p class='ocr_par' dir='ltr' id='par_1_11' title="bbox 84 1233 1070 1350">
     <span class='ocr_line' id='line_1_17' title="bbox 84 1233 1070 1285; baseline 0 -13"><span class='ocrx_word' id='word_1_84' title='bbox 84 1242 121 1273; x_wconf 89' lang='lat' dir='ltr'><strong>et</strong></span> <span class='ocrx_word' id='word_1_85' title='bbox 151 1234 267 1273; x_wconf 89' lang='lat' dir='ltr'><strong>maris</strong></span> <span class='ocrx_word' id='word_1_86' title='bbox 298 1233 444 1285; x_wconf 84' lang='lat' dir='ltr'><strong>Aegaei</strong></span> <span class='ocrx_word' id='word_1_87' title='bbox 475 1248 626 1284; x_wconf 87' lang='lat' dir='ltr'><strong>sparsas</strong></span> <span class='ocrx_word' id='word_1_88' title='bbox 656 1248 725 1285; x_wconf 90' lang='lat' dir='ltr'><strong>per</strong></span> <span class='ocrx_word' id='word_1_89' title='bbox 754 1234 867 1273; x_wconf 89' lang='lat' dir='ltr'><strong>litora</strong></span> <span class='ocrx_word' id='word_1_90' title='bbox 896 1236 1070 1273; x_wconf 87' lang='lat' dir='ltr'><strong>conchas</strong></span> 
     </span>
     <span class='ocr_line' id='line_1_18' title="bbox 137 1300 1050 1350; baseline 0 -12"><span class='ocrx_word' id='word_1_91' title='bbox 137 1307 175 1338; x_wconf 88' lang='lat' dir='ltr'><strong>et</strong></span> <span class='ocrx_word' id='word_1_92' title='bbox 205 1313 306 1350; x_wconf 86' lang='lat' dir='ltr'><strong>quae</strong></span> <span class='ocrx_word' id='word_1_93' title='bbox 336 1300 532 1350; x_wconf 90' lang='lat' dir='ltr'><strong>Cecropio</strong></span> <span class='ocrx_word' id='word_1_94' title='bbox 562 1308 699 1338; x_wconf 90' lang='lat' dir='ltr'><strong>monte</strong></span> <span class='ocrx_word' id='word_1_95' title='bbox 729 1308 918 1350; x_wconf 79' lang='lat' dir='ltr'><strong>vagantur</strong></span> <span class='ocrx_word' id='word_1_96' title='bbox 945 1314 1050 1350; x_wconf 88' lang='lat' dir='ltr'><strong>apes,</strong></span> 
     </span>
    </p>

    <p class='ocr_par' dir='ltr' id='par_1_12' title="bbox 83 1367 1421 1480">
     <span class='ocr_line' id='line_1_19' title="bbox 83 1367 1421 1416; baseline 0 -13"><span class='ocrx_word' id='word_1_97' title='bbox 83 1378 265 1415; x_wconf 84' lang='lat' dir='ltr'><strong>quaeque</strong></span> <span class='ocrx_word' id='word_1_98' title='bbox 294 1372 439 1403; x_wconf 87' lang='lat' dir='ltr'><strong>sonant</strong></span> <span class='ocrx_word' id='word_1_99' title='bbox 468 1367 587 1415; x_wconf 92' lang='lat' dir='ltr'><strong>pleno</strong></span> <span class='ocrx_word' id='word_1_100' title='bbox 616 1379 814 1416; x_wconf 85' lang='lat' dir='ltr'><strong>vocesque</strong></span> <span class='ocrx_word' id='word_1_101' title='bbox 844 1379 1066 1415; x_wconf 87' lang='lat' dir='ltr'><strong>manusque</strong></span> <span class='ocrx_word' id='word_1_102' title='bbox 1096 1367 1261 1414; x_wconf 90' lang='lat' dir='ltr'><strong>theatro,</strong></span> <span class='ocrx_word' id='word_1_103' title='bbox 1405 1384 1421 1412; x_wconf 83' lang='lat'>5</span> 
     </span>
     <span class='ocr_line' id='line_1_20' title="bbox 137 1430 1029 1480; baseline 0.001 -12"><span class='ocrx_word' id='word_1_104' title='bbox 137 1443 227 1468; x_wconf 88' lang='lat' dir='ltr'><strong>cum</strong></span> <span class='ocrx_word' id='word_1_105' title='bbox 258 1431 428 1480; x_wconf 92' lang='lat' dir='ltr'><strong>populus</strong></span> <span class='ocrx_word' id='word_1_106' title='bbox 458 1430 578 1469; x_wconf 91' lang='lat' dir='ltr'><strong>subiti</strong></span> <span class='ocrx_word' id='word_1_107' title='bbox 608 1431 786 1470; x_wconf 85' lang='lat' dir='ltr'><strong>Caesaris</strong></span> <span class='ocrx_word' id='word_1_108' title='bbox 816 1444 884 1469; x_wconf 91' lang='lat' dir='ltr'><strong>ora</strong></span> <span class='ocrx_word' id='word_1_109' title='bbox 912 1430 1029 1469; x_wconf 89' lang='lat' dir='ltr'><strong>videt.</strong></span> 
     </span>
    </p>

    <p class='ocr_par' dir='ltr' id='par_1_13' title="bbox 83 1495 1116 1611">
     <span class='ocr_line' id='line_1_21' title="bbox 83 1495 988 1545; baseline 0.001 -12"><span class='ocrx_word' id='word_1_110' title='bbox 83 1497 177 1534; x_wconf 93' lang='lat' dir='ltr'><strong>nolo</strong></span> <span class='ocrx_word' id='word_1_111' title='bbox 207 1503 304 1545; x_wconf 86' lang='lat' dir='ltr'><strong>quot</strong></span> <span class='ocrx_word' id='word_1_112' title='bbox 333 1502 471 1545; x_wconf 85' lang='lat' dir='ltr'><strong>arguto</strong></span> <span class='ocrx_word' id='word_1_113' title='bbox 501 1495 613 1534; x_wconf 87' lang='lat' dir='ltr'><strong>dedit</strong></span> <span class='ocrx_word' id='word_1_114' title='bbox 641 1504 799 1534; x_wconf 84' lang='lat' dir='ltr'><strong>exorata</strong></span> <span class='ocrx_word' id='word_1_115' title='bbox 830 1497 988 1535; x_wconf 86' lang='lat' dir='ltr'><strong>Catullo</strong></span> 
     </span>
     <span class='ocr_line' id='line_1_22' title="bbox 137 1560 1116 1611; baseline 0.001 -13"><span class='ocrx_word' id='word_1_116' title='bbox 137 1560 308 1599; x_wconf 90' lang='lat' dir='ltr'><strong>Lesbia:</strong></span> <span class='ocrx_word' id='word_1_117' title='bbox 347 1573 474 1611; x_wconf 85' lang='lat' dir='ltr'><strong>pauca</strong></span> <span class='ocrx_word' id='word_1_118' title='bbox 503 1560 612 1611; x_wconf 90' lang='lat' dir='ltr'><strong>cupit</strong></span> <span class='ocrx_word' id='word_1_119' title='bbox 641 1561 709 1611; x_wconf 88' lang='lat' dir='ltr'><strong>qui</strong></span> <span class='ocrx_word' id='word_1_120' title='bbox 739 1574 945 1599; x_wconf 89' lang='lat' dir='ltr'><strong>numerare</strong></span> <span class='ocrx_word' id='word_1_121' title='bbox 974 1568 1116 1611; x_wconf 89' lang='lat' dir='ltr'><strong>potest.</strong></span> 
     </span>
    </p>
   </div>
   <div class='ocr_carea' id='block_1_7' title="bbox 81 1639 1421 2077">
    <p class='ocr_par' dir='ltr' id='par_1_14' title="bbox 81 1639 1421 2077">
     <span class='ocr_line' id='line_1_23' title="bbox 567 1639 724 1675; baseline -0.006 0"><span class='ocrx_word' id='word_1_122' title='bbox 567 1639 724 1675; x_wconf 93' lang='lat' dir='ltr'>XXXV</span> 
     </span>
     <span class='ocr_line' id='line_1_24' title="bbox 84 1702 1078 1753; baseline 0.001 -13"><span class='ocrx_word' id='word_1_123' title='bbox 84 1705 244 1753; x_wconf 84' lang='lat' dir='ltr'><strong>Septem</strong></span> <span class='ocrx_word' id='word_1_124' title='bbox 274 1703 498 1752; x_wconf 88' lang='lat' dir='ltr'><strong>clepsydras</strong></span> <span class='ocrx_word' id='word_1_125' title='bbox 528 1716 671 1752; x_wconf 89' lang='lat' dir='ltr'><strong>magna</strong></span> <span class='ocrx_word' id='word_1_126' title='bbox 700 1702 771 1741; x_wconf 91' lang='lat' dir='ltr'><strong>tibi</strong></span> <span class='ocrx_word' id='word_1_127' title='bbox 801 1716 899 1741; x_wconf 89' lang='lat' dir='ltr'><strong>voce</strong></span> <span class='ocrx_word' id='word_1_128' title='bbox 929 1702 1078 1753; x_wconf 92' lang='lat' dir='ltr'><strong>petenti</strong></span> 
     </span>
     <span class='ocr_line' id='line_1_25' title="bbox 135 1767 885 1816; baseline 0 -10"><span class='ocrx_word' id='word_1_129' title='bbox 135 1767 280 1806; x_wconf 87' lang='lat' dir='ltr'><strong>arbiter</strong></span> <span class='ocrx_word' id='word_1_130' title='bbox 307 1767 462 1815; x_wconf 87' lang='lat' dir='ltr'><strong>invitus,</strong></span> <span class='ocrx_word' id='word_1_131' title='bbox 496 1768 732 1816; x_wconf 87' lang='lat' dir='ltr'><strong>Caeciliane,</strong></span> <span class='ocrx_word' id='word_1_132' title='bbox 764 1768 885 1807; x_wconf 88' lang='lat' dir='ltr'><strong>dedit.</strong></span> 
     </span>
     <span class='ocr_line' id='line_1_26' title="bbox 81 1833 1040 1883; baseline -0.001 -12"><span class='ocrx_word' id='word_1_133' title='bbox 81 1841 121 1871; x_wconf 87' lang='lat' dir='ltr'><strong>at</strong></span> <span class='ocrx_word' id='word_1_134' title='bbox 150 1841 191 1871; x_wconf 91' lang='lat' dir='ltr'><strong>tu</strong></span> <span class='ocrx_word' id='word_1_135' title='bbox 222 1835 345 1871; x_wconf 89' lang='lat' dir='ltr'><strong>multa</strong></span> <span class='ocrx_word' id='word_1_136' title='bbox 373 1833 442 1871; x_wconf 91' lang='lat' dir='ltr'><strong>diu</strong></span> <span class='ocrx_word' id='word_1_137' title='bbox 472 1833 570 1871; x_wconf 91' lang='lat' dir='ltr'><strong>dicis</strong></span> <span class='ocrx_word' id='word_1_138' title='bbox 599 1833 810 1883; x_wconf 83' lang='lat' dir='ltr'><strong>vitreisque</strong></span> <span class='ocrx_word' id='word_1_139' title='bbox 840 1841 1040 1883; x_wconf 87' lang='lat' dir='ltr'><strong>tepentem</strong></span> 
     </span>
     <span class='ocr_line' id='line_1_27' title="bbox 136 1898 939 1948; baseline 0 -12"><span class='ocrx_word' id='word_1_140' title='bbox 136 1898 318 1948; x_wconf 87' lang='lat' dir='ltr'><strong>ampullis</strong></span> <span class='ocrx_word' id='word_1_141' title='bbox 347 1906 460 1948; x_wconf 90' lang='lat' dir='ltr'><strong>potas</strong></span> <span class='ocrx_word' id='word_1_142' title='bbox 490 1898 755 1948; x_wconf 86' lang='lat' dir='ltr'><strong>semisupinus</strong></span> <span class='ocrx_word' id='word_1_143' title='bbox 784 1912 939 1948; x_wconf 89' lang='lat' dir='ltr'><strong>aquam.</strong></span> 
     </span>
     <span class='ocr_line' id='line_1_28' title="bbox 82 1962 1421 2013; baseline 0.001 -13"><span class='ocrx_word' id='word_1_144' title='bbox 82 1966 135 2002; x_wconf 86' lang='lat' dir='ltr'><strong>Vt</strong></span> <span class='ocrx_word' id='word_1_145' title='bbox 165 1964 325 2001; x_wconf 87' lang='lat' dir='ltr'><strong>tandem</strong></span> <span class='ocrx_word' id='word_1_146' title='bbox 356 1962 472 2001; x_wconf 90' lang='lat' dir='ltr'><strong>saties</strong></span> <span class='ocrx_word' id='word_1_147' title='bbox 501 1977 722 2013; x_wconf 86' lang='lat' dir='ltr'><strong>vocemque</strong></span> <span class='ocrx_word' id='word_1_148' title='bbox 752 1963 947 2013; x_wconf 86' lang='lat' dir='ltr'><strong>sitimque,</strong></span> <span class='ocrx_word' id='word_1_149' title='bbox 980 1976 1162 2013; x_wconf 84' lang='lat' dir='ltr'><strong>rogamus</strong></span> <span class='ocrx_word' id='word_1_150' title='bbox 1404 1980 1421 2009; x_wconf 74' lang='lat'><strong>5</strong></span> 
     </span>
     <span class='ocr_line' id='line_1_29' title="bbox 135 2027 965 2077; baseline -0.001 -11"><span class='ocrx_word' id='word_1_151' title='bbox 135 2027 213 2066; x_wconf 89' lang='lat' dir='ltr'><strong>iam</strong></span> <span class='ocrx_word' id='word_1_152' title='bbox 243 2028 294 2066; x_wconf 91' lang='lat' dir='ltr'><strong>de</strong></span> <span class='ocrx_word' id='word_1_153' title='bbox 324 2029 538 2077; x_wconf 83' lang='lat' dir='ltr'><strong>clepsydra,</strong></span> <span class='ocrx_word' id='word_1_154' title='bbox 571 2028 808 2075; x_wconf 87' lang='lat' dir='ltr'><strong>Caeciliane,</strong></span> <span class='ocrx_word' id='word_1_155' title='bbox 841 2027 965 2066; x_wconf 88' lang='lat' dir='ltr'><strong>bibas.</strong></span> 
     </span>
    </p>
   </div>
   <div class='ocr_carea' id='block_1_8' title="bbox 78 2129 1420 2436">
    <p class='ocr_par' dir='ltr' id='par_1_15' title="bbox 124 2129 1256 2170">
     <span class='ocr_line' id='line_1_30' title="bbox 124 2129 1256 2170; baseline -0.001 -9"><span class='ocrx_word' id='word_1_156' title='bbox 124 2141 143 2169; x_wconf 87' lang='lat'><strong>3</strong></span> <span class='ocrx_word' id='word_1_157' title='bbox 167 2131 231 2161; x_wconf 85' lang='lat' dir='ltr'><strong>sibi</strong></span> <span class='ocrx_word' id='word_1_158' title='bbox 249 2130 298 2161; x_wconf 69' lang='lat' dir='ltr'><strong>CA</strong></span> <span class='ocrx_word' id='word_1_159' title='bbox 424 2142 443 2169; x_wconf 87' lang='lat'><strong>4</strong></span> <span class='ocrx_word' id='word_1_160' title='bbox 469 2135 608 2170; x_wconf 74' lang='lat' dir='ltr'><strong>rogatus</strong></span> <span class='ocrx_word' id='word_1_161' title='bbox 625 2131 679 2160; x_wconf 67' lang='lat' dir='ltr'><strong>BA</strong></span> <span class='ocrx_word' id='word_1_162' title='bbox 695 2142 702 2161; x_wconf 90' lang='lat'>:</span> <span class='ocrx_word' id='word_1_163' title='bbox 727 2136 877 2161; x_wconf 77' lang='lat' dir='ltr'><strong>moratus</strong></span> <span class='ocrx_word' id='word_1_164' title='bbox 895 2130 944 2160; x_wconf 74' lang='lat' dir='ltr'><strong>CA</strong></span> <span class='ocrx_word' id='word_1_165' title='bbox 1082 2139 1101 2169; x_wconf 86' lang='lat'>5</span> <span class='ocrx_word' id='word_1_166' title='bbox 1127 2135 1209 2169; x_wconf 89' lang='lat' dir='ltr'><strong>puta</strong></span> <span class='ocrx_word' id='word_1_167' title='bbox 1227 2129 1256 2159; x_wconf 93' lang='lat' dir='ltr'><em>L</em></span> 
     </span>
    </p>

    <p class='ocr_par' dir='ltr' id='par_1_16' title="bbox 78 2173 1420 2301">
     <span class='ocr_line' id='line_1_31' title="bbox 123 2173 1419 2215; baseline -0.001 -10"><span class='ocrx_word' id='word_1_168' title='bbox 123 2174 262 2205; x_wconf 92' lang='lat' dir='ltr'>XXXII</span> <span class='ocrx_word' id='word_1_169' title='bbox 282 2185 331 2205; x_wconf 88' lang='lat' dir='ltr'><strong>vv.</strong></span> <span class='ocrx_word' id='word_1_170' title='bbox 350 2184 409 2212; x_wconf 90' lang='lat'><strong>1—4</strong></span> <span class='ocrx_word' id='word_1_171' title='bbox 425 2174 499 2205; x_wconf 79' lang='lat' dir='ltr'><strong>lmb.</strong></span> <span class='ocrx_word' id='word_1_172' title='bbox 519 2174 552 2205; x_wconf 90' lang='lat' dir='ltr'><strong>T.</strong></span> <span class='ocrx_word' id='word_1_173' title='bbox 618 2186 631 2205; x_wconf 91' lang='lat'>1</span> <span class='ocrx_word' id='word_1_174' title='bbox 653 2175 768 2215; x_wconf 86' lang='lat' dir='ltr'><strong>Enyo]</strong></span> <span class='ocrx_word' id='word_1_175' title='bbox 785 2184 875 2214; x_wconf 85' lang='lat' dir='ltr'><strong>enpo</strong></span> <span class='ocrx_word' id='word_1_176' title='bbox 887 2174 961 2205; x_wconf 66' lang='lat' dir='ltr'><strong>BA:</strong></span> <span class='ocrx_word' id='word_1_177' title='bbox 985 2174 1082 2204; x_wconf 87' lang='lat' dir='ltr'><strong>senio</strong></span> <span class='ocrx_word' id='word_1_178' title='bbox 1101 2173 1149 2204; x_wconf 80' lang='lat' dir='ltr'><strong>CA</strong></span> <span class='ocrx_word' id='word_1_179' title='bbox 1213 2184 1233 2204; x_wconf 85' lang='lat'><strong>2</strong></span> <span class='ocrx_word' id='word_1_180' title='bbox 1252 2174 1358 2213; x_wconf 83' lang='lat' dir='ltr'><strong>possit</strong></span> <span class='ocrx_word' id='word_1_181' title='bbox 1377 2173 1419 2204; x_wconf 77' lang='lat' dir='ltr'><strong>T:</strong></span> 
     </span>
     <span class='ocr_line' id='line_1_32' title="bbox 79 2216 1420 2259; baseline 0 -11"><span class='ocrx_word' id='word_1_182' title='bbox 79 2228 182 2258; x_wconf 84' lang='lat' dir='ltr'><strong>posse</strong></span> <span class='ocrx_word' id='word_1_183' title='bbox 194 2223 228 2249; x_wconf 86' lang='lat' dir='ltr'><strong>et</strong></span> <span class='ocrx_word' id='word_1_184' title='bbox 240 2217 289 2249; x_wconf 73' lang='lat' dir='ltr'><strong>CA</strong></span> <span class='ocrx_word' id='word_1_185' title='bbox 365 2228 384 2256; x_wconf 89' lang='lat'><strong>3</strong></span> <span class='ocrx_word' id='word_1_186' title='bbox 408 2223 558 2248; x_wconf 83' lang='lat' dir='ltr'><strong>saturum</strong></span> <span class='ocrx_word' id='word_1_187' title='bbox 581 2217 630 2248; x_wconf 68' lang='lat' dir='ltr'><strong>CA</strong></span> <span class='ocrx_word' id='word_1_188' title='bbox 707 2229 727 2256; x_wconf 93' lang='lat'>4</span> <span class='ocrx_word' id='word_1_189' title='bbox 751 2223 785 2249; x_wconf 87' lang='lat' dir='ltr'><strong>et</strong></span> <span class='ocrx_word' id='word_1_190' title='bbox 803 2219 840 2259; x_wconf 85' lang='lat' dir='ltr'><strong>f.]</strong></span> <span class='ocrx_word' id='word_1_191' title='bbox 860 2218 975 2248; x_wconf 82' lang='lat' dir='ltr'><strong>effodit</strong></span> <span class='ocrx_word' id='word_1_192' title='bbox 993 2218 1042 2248; x_wconf 75' lang='lat' dir='ltr'><strong>CA</strong></span> <span class='ocrx_word' id='word_1_193' title='bbox 1060 2221 1098 2247; x_wconf 81' lang='lat' dir='ltr'><strong>ut</strong></span> <span class='ocrx_word' id='word_1_194' title='bbox 1112 2216 1175 2248; x_wconf 76' lang='lat' dir='ltr'><strong>vid.</strong></span> <span class='ocrx_word' id='word_1_195' title='bbox 1248 2222 1321 2248; x_wconf 86' lang='lat' dir='ltr'><strong>tota</strong></span> <span class='ocrx_word' id='word_1_196' title='bbox 1336 2217 1396 2247; x_wconf 72' lang='grc' dir='ltr'><strong>ΑΑ</strong></span> <span class='ocrx_word' id='word_1_197' title='bbox 1413 2230 1420 2248; x_wconf 86' lang='lat'><strong>:</strong></span> 
     </span>
     <span class='ocr_line' id='line_1_33' title="bbox 78 2260 1244 2301; baseline -0.001 -10"><span class='ocrx_word' id='word_1_198' title='bbox 78 2262 170 2292; x_wconf 89' lang='lat' dir='ltr'><strong>nuda</strong></span> <span class='ocrx_word' id='word_1_199' title='bbox 185 2261 296 2292; x_wconf 69' lang='lat' dir='ltr'><strong>BACA</strong></span> <span class='ocrx_word' id='word_1_200' title='bbox 312 2262 406 2299; x_wconf 86' lang='lat' dir='ltr'><strong>(iuda</strong></span> <span class='ocrx_word' id='word_1_201' title='bbox 421 2261 619 2301; x_wconf 72' lang='lat' dir='ltr'><strong>XBl)‚fort.</strong></span> <span class='ocrx_word' id='word_1_202' title='bbox 640 2266 715 2292; x_wconf 84' lang='lat' dir='ltr'><strong>recte</strong></span> <span class='ocrx_word' id='word_1_203' title='bbox 834 2271 854 2300; x_wconf 90' lang='lat'>5</span> <span class='ocrx_word' id='word_1_204' title='bbox 872 2261 1035 2301; x_wconf 75' lang='lat' dir='ltr'><strong>Caesare]</strong></span> <span class='ocrx_word' id='word_1_205' title='bbox 1054 2261 1183 2291; x_wconf 76' lang='lat' dir='ltr'><strong>calacre</strong></span> <span class='ocrx_word' id='word_1_206' title='bbox 1196 2260 1244 2291; x_wconf 79' lang='lat' dir='ltr'><strong>CA</strong></span> 
     </span>
    </p>

    <p class='ocr_par' dir='ltr' id='par_1_17' title="bbox 121 2304 1417 2345">
     <span class='ocr_line' id='line_1_34' title="bbox 121 2304 1417 2345; baseline 0.002 -10"><span class='ocrx_word' id='word_1_207' title='bbox 121 2305 275 2335; x_wconf 91' lang='lat' dir='ltr'>XXXIV</span> <span class='ocrx_word' id='word_1_208' title='bbox 288 2305 361 2336; x_wconf 81' lang='lat' dir='ltr'><strong>hab.</strong></span> <span class='ocrx_word' id='word_1_209' title='bbox 388 2305 447 2334; x_wconf 83' lang='lat' dir='ltr'><strong>TR</strong></span> <span class='ocrx_word' id='word_1_210' title='bbox 511 2315 539 2344; x_wconf 93' lang='lat'><strong>1,</strong></span> <span class='ocrx_word' id='word_1_211' title='bbox 559 2315 576 2344; x_wconf 93' lang='lat'><strong>7</strong></span> <span class='ocrx_word' id='word_1_212' title='bbox 594 2306 683 2345; x_wconf 89' lang='lat' dir='ltr'><strong>quod</strong></span> <span class='ocrx_word' id='word_1_213' title='bbox 700 2305 789 2336; x_wconf 85' lang='lat' dir='ltr'><strong>codd.</strong></span> <span class='ocrx_word' id='word_1_214' title='bbox 926 2316 946 2334; x_wconf 88' lang='lat'><strong>2</strong></span> <span class='ocrx_word' id='word_1_215' title='bbox 963 2305 1034 2345; x_wconf 74' lang='lat' dir='ltr'><strong>me]</strong></span> <span class='ocrx_word' id='word_1_216' title='bbox 1053 2314 1152 2334; x_wconf 87' lang='lat' dir='ltr'><strong>mene</strong></span> <span class='ocrx_word' id='word_1_217' title='bbox 1169 2304 1202 2334; x_wconf 85' lang='lat' dir='ltr'><em>R</em></span> <span class='ocrx_word' id='word_1_218' title='bbox 1216 2304 1281 2344; x_wconf 61' lang='lat' dir='ltr'><strong>(zie.</strong></span> <span class='ocrx_word' id='word_1_219' title='bbox 1301 2315 1379 2335; x_wconf 86' lang='lat' dir='ltr'><strong>men</strong></span> <span class='ocrx_word' id='word_1_220' title='bbox 1392 2306 1417 2339; x_wconf 65' lang='grc' dir='ltr'><strong>ἓ)</strong></span> 
     </span>
    </p>

    <p class='ocr_par' dir='ltr' id='par_1_18' title="bbox 78 2347 1419 2436">
     <span class='ocr_line' id='line_1_35' title="bbox 121 2347 1419 2390; baseline 0.001 -11"><span class='ocrx_word' id='word_1_221' title='bbox 121 2348 255 2379; x_wconf 87' lang='lat' dir='ltr'>XXXV</span> <span class='ocrx_word' id='word_1_222' title='bbox 278 2349 350 2379; x_wconf 81' lang='lat' dir='ltr'><strong>hab.</strong></span> <span class='ocrx_word' id='word_1_223' title='bbox 376 2348 436 2379; x_wconf 79' lang='lat' dir='ltr'><strong>TR</strong></span> <span class='ocrx_word' id='word_1_224' title='bbox 506 2359 520 2379; x_wconf 90' lang='lat'>1</span> <span class='ocrx_word' id='word_1_225' title='bbox 544 2354 686 2388; x_wconf 86' lang='lat' dir='ltr'><strong>petente</strong></span> <span class='ocrx_word' id='word_1_226' title='bbox 699 2349 747 2379; x_wconf 77' lang='lat' dir='ltr'><strong>CA</strong></span> <span class='ocrx_word' id='word_1_227' title='bbox 857 2358 877 2387; x_wconf 87' lang='grc'>3</span> <span class='ocrx_word' id='word_1_228' title='bbox 897 2348 983 2379; x_wconf 90' lang='lat' dir='ltr'><strong>dicis</strong></span> <span class='ocrx_word' id='word_1_229' title='bbox 1001 2347 1062 2388; x_wconf 48' lang='lat' dir='ltr'><strong>(R)</strong></span> <span class='ocrx_word' id='word_1_230' title='bbox 1081 2349 1130 2378; x_wconf 80' lang='lat' dir='ltr'><strong>vel</strong></span> <span class='ocrx_word' id='word_1_231' title='bbox 1144 2349 1239 2378; x_wconf 89' lang='lat' dir='ltr'><strong>ducis</strong></span> <span class='ocrx_word' id='word_1_232' title='bbox 1258 2349 1319 2390; x_wconf 43' lang='lat' dir='ltr'><strong>gT)</strong></span> <span class='ocrx_word' id='word_1_233' title='bbox 1335 2349 1394 2379; x_wconf 77' lang='grc' dir='ltr'><strong>ΑΑ</strong></span> <span class='ocrx_word' id='word_1_234' title='bbox 1411 2361 1419 2380; x_wconf 91' lang='lat'>:</span> 
     </span>
     <span class='ocr_line' id='line_1_36' title="bbox 78 2391 1217 2436; baseline -0.001 -13"><span class='ocrx_word' id='word_1_235' title='bbox 78 2392 160 2423; x_wconf 88' lang='lat' dir='ltr'><strong>dicis</strong></span> <span class='ocrx_word' id='word_1_236' title='bbox 176 2392 231 2423; x_wconf 66' lang='lat' dir='ltr'><strong>BA</strong></span> <span class='ocrx_word' id='word_1_237' title='bbox 251 2392 303 2433; x_wconf 77' lang='lat' dir='ltr'><strong>(ex</strong></span> <span class='ocrx_word' id='word_1_238' title='bbox 318 2392 412 2424; x_wconf 83' lang='lat' dir='ltr'><strong>ducis</strong></span> <span class='ocrx_word' id='word_1_239' title='bbox 427 2391 472 2433; x_wconf 81' lang='lat' dir='ltr'><strong>L)</strong></span> <span class='ocrx_word' id='word_1_240' title='bbox 493 2392 541 2424; x_wconf 67' lang='lat' dir='ltr'><strong>CA</strong></span> <span class='ocrx_word' id='word_1_241' title='bbox 675 2404 694 2432; x_wconf 90' lang='lat'>4</span> <span class='ocrx_word' id='word_1_242' title='bbox 714 2393 803 2433; x_wconf 85' lang='lat' dir='ltr'><strong>potis</strong></span> <span class='ocrx_word' id='word_1_243' title='bbox 823 2391 969 2436; x_wconf 67' lang='lat' dir='ltr'><em>&lt;EAB¹J</em></span> <span class='ocrx_word' id='word_1_244' title='bbox 989 2392 1039 2423; x_wconf 80' lang='lat' dir='ltr'><strong>vel</strong></span> <span class='ocrx_word' id='word_1_245' title='bbox 1053 2396 1150 2432; x_wconf 88' lang='lat' dir='ltr'><strong>potas</strong></span> <span class='ocrx_word' id='word_1_246' title='bbox 1169 2391 1217 2423; x_wconf 62' lang='lat' dir='ltr'><strong>CA</strong></span> 
     </span>
    </p>
   </div>
  </div>
 </body>
</html>
