1648 2729
198 123 253 160 M,
285 123 408 161 VAL.
443 122 757 161 MARTIALIS

304 244 447 275 unctae
476 237 543 275 det
572 237 681 275 favor
708 235 852 274 arbiter
880 249 1051 275 coronae
1496 254 1533 277 ιο

306 315 379 340 nec
408 303 542 342 laudet
571 301 712 351 Polybi
741 300 864 351 magis
899 300 1099 340 sinistras:

306 367 337 404 si
367 366 577 416 quisquam
607 379 696 405 mea
725 365 864 405 dixerit
893 365 1087 415 malignus

306 440 390 471 atro
420 432 593 471 carmina
622 445 724 481 quae
754 432 916 471 madent
944 444 1115 480 veneno,

304 504 347 535 ut
375 510 516 536 vocem
547 496 644 536 mihi
673 497 907 536 commodes
937 503 1144 546 patronam

305 570 343 600 et
372 570 565 612 quantum
596 561 754 613 poteris,
785 562 856 601 sed
885 575 1026 612 usque,
1054 563 1225 601 clames:
1497 578 1533 611 15

304 629 423 666 ‘Non
453 626 606 678 scripsit
635 640 746 666 meus
776 626 850 666 ista
879 626 1096 666 Martialis.'

668 727 852 764 LXXIII

200 796 386 847 Esquiliis
416 798 560 836 domus
591 804 659 844 est,
692 798 836 836 domus
867 803 925 835 est
954 795 1026 835 tibi
1055 797 1156 835 colle
1187 796 1353 846 Dianae,

252 870 290 901 et
320 871 386 901 tua
414 862 601 913 patricius
631 861 806 901 culmina
834 861 942 900 vicus
972 862 1093 900 habet
1109 876 1120 910 3

198 928 291 967 hinc
321 928 464 967 viduae
495 928 675 978 Cybeles,
708 927 815 966 illinc
845 926 1011 966 sacraria
1040 929 1197 975 Vestae,

251 993 345 1032 inde
374 1007 537 1041 novum,
566 1001 739 1032 veterem
768 991 961 1043 prospicis
990 991 1084 1031 inde
1114 994 1264 1031 Iovem.

199 1059 263 1097 dic
292 1058 361 1097 ubi
391 1058 638 1105 conveniam,
671 1058 736 1097 dic
765 1071 844 1108 qua
873 1065 912 1095 te
941 1065 1050 1107 parte
1079 1057 1301 1107 requiram:
1516 1073 1534 1106 5

253 1123 430 1174 quisquis
461 1123 609 1174 ubique
638 1122 803 1171 habitat,
835 1122 1021 1170 Maxime,
1053 1136 1250 1173 nusquam
1280 1122 1442 1162 habitat.

659 1223 858 1261 LXXVII

200 1298 331 1349 Exigis
361 1307 404 1337 ut
433 1307 588 1338 nostros
619 1300 767 1338 donem
797 1298 880 1346 tibi,
912 1300 1059 1346 Tucca,
1091 1298 1258 1337 libellos.

253 1377 334 1402 non
363 1364 529 1403 faciam:
568 1378 661 1403 nam
690 1364 747 1402 vis
777 1365 958 1412 vendere,
992 1377 1073 1403 non
1102 1365 1241 1414 legere.

646 1459 868 1496 LXXVIII

201 1530 304 1567 Cum
335 1527 517 1567 Saxetani
546 1536 717 1579 ponatur
746 1529 849 1567 coda
877 1527 1011 1566 lacerti

253 1601 304 1642 et,
334 1594 436 1632 bene
466 1593 497 1632 si
527 1607 655 1641 cenas,
688 1592 852 1632 conchis
882 1593 1048 1631 inuncta
1076 1592 1175 1631 tibi:

200 1672 353 1706 sumen,
382 1672 532 1709 aprum,
563 1660 749 1709 leporem,
783 1658 948 1706 boletos,
982 1665 1121 1705 ostrea,
1155 1659 1297 1696 mullos

255 1720 399 1759 mittis:
429 1722 552 1760 habes
583 1734 656 1759 nec
686 1734 767 1769 cor,
797 1722 954 1770 Papyle,
987 1733 1062 1759 nec
1090 1719 1261 1770 genium.

670 1816 846 1853 LXXIX

309 1891 447 1930 Potavi
476 1892 598 1930 modo
627 1893 832 1930 consulare
861 1890 1008 1929 vinum.

311 1956 477 2005 Quaeris
507 1970 626 2006 quam
656 1964 767 1995 vetus
796 1964 915 2006 atque
944 1955 1136 1994 liberale?

310 2023 404 2071 Ipso
434 2023 597 2060 consule
626 2021 860 2060 conditum:
899 2021 969 2059 sed
998 2019 1083 2070 ipse

308 2086 376 2136 qui
405 2087 579 2136 ponebat
608 2094 703 2135 erat,
732 2088 885 2133 Severe,
917 2086 1066 2124 consul.

245 2190 377 2221 LXXII
406 2200 443 2229 14
466 2196 611 2229 patrona
629 2190 678 2221 CA
933 2188 1082 2219 LXXIII
1100 2187 1172 2219 hab.
1194 2188 1243 2227 T3
1268 2198 1317 2219 vv.
1332 2189 1396 2227 5-6
1413 2187 1486 2219 hab.
1502 2187 1537 2218 R

203 2244 215 2264 1
245 2234 403 2273 Esquiliis
414 2234 526 2265 AACA
546 2234 629 2274 (dis)
649 2245 655 2264 ε
684 2233 835 2274 Esquilie
854 2233 965 2275 (—liae)
981 2233 1035 2263 ΒΑ
1162 2231 1282 2262 domus
1299 2236 1352 2262 est
1368 2231 1468 2262 semel
1480 2231 1535 2262 ΒΑ

200 2278 287 2308 colla
305 2278 353 2308 CA
485 2287 506 2316 3
529 2278 650 2308 biduae
668 2277 717 2308 CA

248 2321 409 2351 LXXVII
434 2321 506 2352 lzab.
524 2321 558 2351 R
920 2319 1103 2350 LXXVIII
1129 2329 1149 2348 2
1171 2317 1304 2349 isuncta
1320 2318 1379 2349 tibi
1395 2323 1447 2349 est
1464 2318 1532 2350 CA:

201 2365 380 2395 inunctatis
395 2363 424 2394 L
558 2375 578 2403 4
598 2364 769 2405 pamphile
786 2363 843 2395 BA
859 2375 866 2394 z
889 2363 1014 2403 papyle
1036 2362 1144 2402 (-pile,
1166 2362 1285 2403 —phile,
1302 2361 1402 2393 sedin
1419 2362 1531 2394 lemm-

201 2408 266 2437 AD
284 2408 543 2446 PAPHILVM)
561 2407 611 2438 CA
802 2407 954 2438 LXXIX
981 2417 995 2438 1
1020 2406 1140 2437 Putaui
1154 2404 1211 2436 BA
