1648 2729
718 109 1190 149 EPIGRAMMATON
1222 110 1325 148 LIB.
1358 110 1417 148 IV

567 219 704 256 LXIX

81 289 144 326 Tu
174 287 308 327 Setina
337 287 499 339 quidem
529 302 685 339 semper
712 290 774 328 vel
805 288 979 328 Massica
1006 290 1135 340 ponis,

134 352 293 401 Papyle‚
325 352 395 390 sed
424 364 559 390 rumor
586 359 667 390 tam
698 352 803 391 bona
831 351 923 390 vina
951 360 1092 402 negat:

80 415 222 454 diceris
251 417 326 455 hac
355 418 481 455 factus
511 418 666 468 caeleps
696 424 835 467 quater
863 431 949 456 esse
977 419 1130 468 lagona.
1165 445 1172 451 -

135 482 223 520 Nee
252 489 350 532 puto
380 495 454 521 nec
483 483 615 530 credo,
647 484 805 533 Papyle,
836 496 911 522 nec
940 482 1041 522 sitio.

584 605 696 642 LXX

79 683 191 723 Nihil
220 684 435 724 Ammiano
464 693 618 736 praeter
645 685 796 725 aridam
826 694 969 726 restem

79 749 251 788 moriens
280 749 437 800 reliquit
466 750 613 789 ultimis
642 759 753 802 pater
781 752 890 791 ceris.

78 814 162 854 fieri
190 823 345 865 putaret
373 829 490 866 posse
519 816 618 866 quis,
651 816 873 865 Marulline,

78 887 121 918 ut
150 879 388 919 Ammianus
418 887 618 919 mortuum
647 888 799 931 patrem
828 882 984 920 nollet?

558 1002 717 1039 LXXII

79 1082 213 1133 Exigis
242 1089 285 1121 ut
313 1083 462 1121 donem
491 1091 647 1122 nostros
677 1083 759 1131 tibi,
792 1083 954 1134 Quinte,
985 1084 1152 1123 libellos.

132 1150 228 1187 Non
258 1148 388 1187 habeo
418 1149 488 1187 sed
518 1149 638 1187 habet
668 1149 898 1200 bybliopola
926 1151 1129 1200 Tryphon.

81 1215 183 1253 ‘Aes
213 1213 320 1252 dabo
349 1227 420 1264 pro
450 1213 563 1263 nugis
593 1222 632 1253 et
660 1228 790 1253 emam
821 1222 888 1253 tua
917 1215 1092 1253 carmina
1121 1216 1272 1253 sanus?

132 1280 239 1318 non'
268 1278 399 1329 inquis
432 1278 598 1317 ‘faciam
629 1286 709 1318 tam
739 1281 870 1319 fatue.’
927 1282 1014 1319 Nec
1044 1294 1128 1331 ego.

547 1403 730 1440 LXXIII

79 1484 184 1523 Cum
213 1482 339 1534 gravis
369 1491 561 1522 extremas
590 1483 779 1522 Vestinus
809 1485 971 1523 duceret
1001 1485 1118 1523 horas

133 1556 172 1587 et
200 1548 279 1586 iam
308 1562 378 1598 per
407 1549 558 1599 Stygias
588 1557 691 1588 esset
720 1550 843 1588 iturus
873 1563 1008 1600 aquas,

77 1613 217 1652 ultima
244 1613 437 1652 volventis
467 1614 591 1653 oravit
619 1628 743 1665 pensa
772 1629 936 1663 sorores,

132 1687 174 1718 ut
203 1680 402 1717 traherent
431 1693 550 1729 parva
578 1679 747 1719 stamina
776 1682 883 1730 pulla
913 1694 1034 1728 mora,

77 1744 155 1784 iam
185 1743 260 1783 sibi
289 1745 501 1783 defunctus
530 1745 629 1784 caris
659 1746 756 1784 dum
785 1745 878 1784 vivit
907 1745 1055 1784 amieis.
1399 1762 1417 1791 5

131 1817 341 1849 moverunt
370 1809 529 1848 tetricas
558 1818 639 1848 tam
669 1810 734 1861 pia
762 1818 854 1849 vota
883 1812 989 1850 deas.

76 1883 172 1914 tunc
200 1877 326 1925 largas
355 1874 520 1925 partitus
551 1889 647 1925 opes
676 1889 699 1914 a
728 1877 816 1914 luce
846 1875 1006 1914 recessit

131 1954 253 1990 seque
283 1939 383 1978 mori
411 1947 502 1990 post
531 1941 609 1979 hoc
638 1940 807 1979 credidit
836 1940 901 1979 ille
931 1954 1078 1980 senem.

122 2044 240 2075 LXIX
262 2044 337 2075 hab.
361 2044 392 2075 T
507 2054 521 2074 1
556 2044 697 2075 marsica
727 2044 806 2076 BA:
845 2044 989 2076 mersica
1023 2044 1071 2074 CA
1204 2048 1303 2083 potas
1334 2044 1419 2075 AA:

76 2089 178 2128 ponis
193 2087 300 2119 BACA
399 2098 430 2128 2,
451 2099 471 2127 4
498 2088 675 2128 Pamphile
691 2088 766 2120 Ital.
866 2099 885 2118 2
909 2098 1024 2119 rumor
1040 2092 1092 2118 est
1111 2092 1179 2118 tam
1194 2087 1241 2119 CA
1308 2088 1415 2129 bona]

76 2133 167 2163 bene
185 2135 222 2162 ut
236 2131 300 2163 vid.
317 2131 373 2161 BA

121 2175 221 2206 LXX
248 2185 261 2205 1
289 2175 458 2206 mamiano
473 2175 528 2206 ΒΑ
617 2186 637 2206 2
654 2175 815 2215 relinquit
827 2176 879 2215 Lf
936 2186 956 2214 4
983 2175 1205 2206 mammianus
1221 2174 1275 2205 BA

121 2219 255 2249 LXXII
281 2219 354 2249 lmb.
379 2219 409 2249 T
491 2225 495 2230 ‘

122 2262 274 2293 LXXIII
298 2263 375 2293 lzab.
406 2261 467 2293 TR
599 2272 619 2301 3
645 2263 753 2294 orabit
781 2262 829 2294 CA
856 2263 918 2303 (tle
941 2262 1019 2301 —uit)
1196 2272 1216 2300 4
1240 2261 1332 2301 pulla
1355 2261 1412 2291 ΑΑ

79 2305 208 2346 (puella
237 2306 272 2344 T,
295 2306 388 2336 nulla
411 2305 459 2347 R)
479 2305 549 2338 CA:
574 2306 667 2337 nulla
683 2306 739 2336 ΒΑ
936 2315 956 2344 5
983 2305 1071 2336 caris
1086 2304 1224 2336 AACA:
1247 2315 1345 2335 carus
1361 2305 1416 2334 BA

77 2351 100 2380 6
124 2354 197 2380 teas
214 2353 251 2380 ut
265 2349 330 2382 vid.
353 2349 402 2380 CA
589 2361 606 2390 7
633 2355 714 2381 tunc
726 2349 838 2380 AACA
853 2361 860 2380 :
886 2354 956 2381 tum
966 2349 1021 2380 BA
1093 2349 1222 2389 patitus
1236 2352 1273 2378 ut
1288 2349 1352 2380 vid.
1366 2348 1415 2378 CA

77 2394 98 2423 8
123 2394 233 2433 deque
248 2393 295 2424 CA

122 2457 229 2480 MART.
250 2458 301 2480 ΞΡ.
323 2457 368 2479 sc.
388 2457 441 2479 En.
1305 2448 1323 2483 7
