1648 2729
167 159 224 198 M.
254 159 378 196 VAL.
412 157 728 196 MARTIALIS

166 270 317 309 vicinos
346 270 401 308 illi
429 269 580 308 nitidus
610 271 727 308 Maro
755 268 934 319 possidet
961 269 1109 307 hortos.

221 336 393 375 Cenabit
420 336 535 382 belle,
566 348 648 374 non
677 334 872 374 habitabit
900 336 1018 385 Aper.

647 451 804 488 XXXV

278 529 442 578 Ignotos
472 526 571 565 mihi
599 540 691 565 curn
719 540 838 566 voces
867 533 1076 572 trecentos,

277 607 398 643 quare
427 606 510 632 non
538 591 695 631 veniam
724 599 888 630 vocatus
917 593 968 630 ad
999 599 1037 629 te

278 658 428 697 miraris
457 657 711 708 quererisque
740 657 960 708 litigasque.

279 726 393 764 Solus
423 738 535 769 ceno,
569 724 745 770 Fabulle,
777 737 859 762 non
889 722 1069 762 libenter.

641 841 821 878 XXXVI

171 919 294 957 Gaius
324 919 427 956 hanc
456 919 586 956 lucem
616 931 775 968 gemma
803 916 901 954 mihi
932 916 1056 955 Iulius
1086 917 1176 955 alba

224 984 362 1034 signat,
393 983 443 1031 io,
475 983 575 1022 votis
605 982 782 1022 redditus
811 995 905 1021 ecce
934 981 1059 1020 meis:

171 1052 401 1100 desperasse
431 1049 538 1087 iuvat
566 1048 688 1088 veluti
716 1048 795 1086 iam
824 1055 940 1098 rupta
968 1061 1147 1086 sororum

225 1117 314 1164 fila3
349 1115 480 1153 minus
509 1116 684 1166 gaudent
713 1114 781 1164 qui
810 1113 977 1152 timuere
1006 1113 1114 1151 nihil.

172 1184 331 1232 Hypne,
365 1180 461 1231 quid
492 1187 685 1230 expectas,
717 1179 858 1230 piger?
895 1179 1104 1218 inmortale
1140 1179 1351 1217 Falernum
1496 1196 1512 1227 5

225 1249 359 1294 funde,
392 1260 528 1285 senem
558 1253 730 1296 poscunt
758 1244 850 1283 talia
878 1252 971 1284 vota
999 1246 1168 1283 cadum:

172 1313 416 1363 quincunces
446 1320 484 1351 et
514 1325 581 1350 sex
609 1312 773 1361 cyathos
803 1313 1021 1361 besemque
1050 1310 1246 1357 bibamus,

227 1379 358 1418 GArvs
387 1386 430 1416 ut
460 1379 527 1416 fiat
557 1379 698 1417 Iervs
728 1384 766 1415 et
797 1378 1027 1415 PR0chvs.

631 1494 835 1530 XXXVII

172 1571 291 1618 Zoile,
324 1570 420 1621 quid
450 1578 532 1608 tota
560 1583 759 1620 gemmam
789 1569 1040 1620 praecingere
1068 1569 1167 1607 libra

226 1645 264 1674 te
293 1636 400 1674 iuvat
429 1643 467 1674 et
497 1635 684 1674 miserum
714 1637 877 1686 perdere
911 1635 1188 1685 sardonycha?

172 1703 313 1740 anulus
343 1701 415 1739 iste
445 1700 521 1739 tuis
551 1702 676 1739 fuerat
706 1701 828 1739 modo
859 1700 1036 1739 cruribus
1065 1707 1204 1750 aptus:

227 1781 308 1805 non
339 1768 479 1805 eadem
510 1766 640 1816 digitis
670 1767 848 1817 pondera
877 1765 1130 1805 conveniunt.

619 1884 846 1921 XXXVIII

176 1962 304 2000 Mulio
333 1960 471 2010 viginti
500 1961 607 1998 venit
637 1961 760 1998 modo
790 1959 962 2007 milibus,
992 1960 1105 1998 Aule.

229 2026 379 2065 miraris
407 2026 577 2076 pretium
608 2033 688 2063 tam
717 2027 863 2075 grave?
901 2026 1042 2063 surdus
1072 2032 1164 2064 erat.

220 2130 372 2161 XXXIV
397 2140 416 2168 3
442 2130 508 2160 illic
527 2129 698 2169 T(etsort.
713 2129 789 2168 ΑΛ)
805 2140 812 2160 :
837 2129 882 2159 illi
900 2128 1009 2160 ΒΑΕΔ
1099 2129 1225 2159 nitidos
1247 2128 1278 2159 T
1292 2128 1422 2169 (etsort.
1439 2127 1516 2168 ΑΛ)

177 2175 233 2204 ΒΑ
250 2186 256 2205 :
283 2175 411 2205 nitidus
432 2174 482 2204 CA
599 2185 619 2213 4
643 2173 811 2204 Caenauit
835 2173 865 2204 T
879 2174 912 2214 (i.
927 2184 950 2205 e.
969 2173 1047 2214 -bit)
1116 2172 1282 2203 habitauit
1305 2173 1335 2203 T
1348 2173 1381 2212 (i.
1395 2182 1420 2202 e.
1438 2172 1515 2212 -bit)

219 2218 356 2248 XXXV
380 2228 399 2248 2
424 2228 443 2248 a
460 2223 493 2248 te
508 2217 584 2248 Ital.

221 2262 372 2292 XXXVI
398 2272 417 2301 5
442 2262 571 2292 salerno
590 2260 640 2291 CA
840 2270 856 2298 7
881 2261 1064 2300 quicunces
1084 2260 1134 2291 CA
1245 2259 1449 2299 bessemque
1469 2259 1516 2290 CA

221 2306 390 2336 XXXVII
416 2305 491 2336 lmb.
513 2304 562 2343 T;
587 2315 637 2335 vv.
655 2304 809 2343 3-4l1ab.
829 2304 863 2334 R
1052 2314 1065 2334 1
1093 2309 1197 2334 totam
1213 2303 1270 2334 ΒΑ
1336 2313 1469 2343 gemma
1491 2302 1520 2333 T

175 2350 293 2380 libram
310 2349 357 2380 CA
465 2359 485 2379 2
509 2348 719 2379 sardonicam
740 2347 848 2388 (-ich-‚
869 2347 954 2388 -yc-)
980 2347 1058 2378 TCA
1163 2356 1184 2386 3
1207 2347 1273 2378 tuis
1291 2348 1354 2387 (R)
1373 2347 1423 2377 vel
1435 2351 1513 2376 tuus

177 2395 245 2429 (T)
263 2394 344 2423 AA:
377 2393 442 2423 tuis
466 2404 505 2422 ex
528 2398 605 2423 tuus
630 2396 668 2422 ut
688 2392 752 2422 vid.
774 2392 830 2422 BA
856 2392 913 2430 (ita
934 2392 972 2427 L,
993 2397 1070 2422 tuus
1089 2390 1128 2429 P,
1156 2391 1222 2421 tuis
1247 2390 1315 2432 Qs)
1335 2402 1343 2422 ι
1374 2391 1441 2421 tuis
1466 2389 1515 2420 CA

222 2437 411 2467 XXXVIII
439 2446 451 2466 1
480 2441 578 2467 aucte
595 2436 643 2466 CA
658 2440 739 2475 (non
754 2434 815 2476 X),
829 2435 930 2465 sedin
949 2436 1062 2465 lemm.
1081 2445 1127 2465 AD
1144 2444 1264 2465 AVLVM
