1648 2729
159 117 216 153 M.
248 117 371 154 VAL.
405 117 720 156 MARTIALIS

157 228 300 267 sufficit
328 228 369 268 in
398 243 546 269 nonam
575 229 711 269 nitidis
740 238 880 269 octava
908 231 1124 281 palaestris,
1475 249 1494 281 5

211 294 378 345 imperat
406 303 603 335 extructos
633 297 809 346 frangere
838 310 945 336 nona
973 305 1103 336 toros:

157 361 252 398 hora
280 359 504 398 libellorum
533 362 704 400 decuma
732 369 801 408 est,
834 363 1054 412 Eupheme‚
1087 376 1278 409 meorum,

211 433 405 476 temperat
432 426 650 465 ambrosias
680 440 772 465 cum
802 434 869 465 tua
899 441 992 466 cura
1021 429 1143 478 dapes

158 499 196 529 et
226 491 355 529 bonus
384 491 561 530 aetherio
590 493 740 530 laxatur
768 499 927 531 nectare
957 493 1104 532 Caesar

210 555 440 606 ingentique
469 564 578 595 tenet
606 558 750 607 pocula
778 571 896 607 parca
924 571 1056 596 manu.
1455 575 1497 597 10

157 628 251 659 tunc
281 621 446 660 admitte
475 621 611 661 iocos:
650 635 784 672 gressu
814 622 926 661 timet
954 622 1008 661 ire
1037 622 1171 661 licenti

210 687 261 725 ad
291 686 529 725 matutinum
559 695 694 742 nostra
721 687 863 726 Thalia
892 689 1041 726 Iovem.

698 799 736 835 X

157 881 267 923 Dum
296 893 423 918 novus
453 886 511 918 est
540 893 614 918 nec
643 880 775 918 adhuc
804 893 890 918 rasa
919 879 1016 918 mihi
1045 881 1173 919 fronte
1202 880 1372 929 libellus,

209 944 352 995 pagina
380 946 477 983 dum
507 944 614 994 tangi
643 958 724 983 non
754 945 857 983 bene
886 945 990 984 sicca
1019 945 1141 992 timet,

155 1010 166 1047 i
196 1023 294 1060 puer
323 1018 361 1048 et
391 1023 482 1049 caro
511 1011 639 1060 perfer
667 1012 753 1049 leve
782 1024 927 1048 munus
956 1010 1087 1050 amico

210 1075 278 1125 qui
308 1075 450 1114 meruit
479 1089 603 1126 nugas
632 1075 781 1126 primus
811 1076 957 1115 habere
987 1090 1106 1115 meas.

155 1154 276 1187 curre,
310 1142 380 1179 sed
410 1140 649 1179 instructus:
689 1141 900 1179 comitetur
929 1141 1080 1179 Punica
1108 1141 1252 1180 librum
1473 1160 1490 1192 5

209 1219 410 1256 spongea:
451 1205 681 1245 muneribus
711 1206 898 1245 convenit
927 1206 992 1245 illa
1021 1206 1130 1245 meis.

155 1284 236 1309 non
267 1279 434 1322 possunt
463 1279 619 1310 nostros
649 1273 807 1319 multae,
840 1272 1039 1320 Faustine,
1070 1272 1208 1311 liturae

208 1335 421 1373 emendare
450 1334 586 1374 iocos:
625 1348 705 1373 una
733 1334 848 1373 litura
876 1343 1017 1386 potest.

681 1441 742 1477 XI

156 1523 264 1559 Dum
294 1520 462 1559 nimium
491 1535 594 1560 vano
624 1522 861 1560 tumefactus
890 1521 1053 1560 nomine
1081 1523 1229 1572 gaudes

208 1594 246 1625 et
276 1586 533 1625 Saturninum
563 1594 613 1634 te,
645 1586 774 1634 miser,
805 1600 892 1626 esse
921 1588 1055 1636 pudet,

153 1651 275 1702 impia
304 1651 508 1690 Parrhasia
536 1651 693 1690 movisti
721 1653 825 1691 bella
853 1653 927 1690 sub
957 1666 1056 1699 ursa,

207 1717 338 1767 qualia
367 1716 435 1767 qui
465 1717 629 1755 Phariae
657 1717 836 1767 coniugis
864 1731 973 1755 arma
1001 1717 1100 1756 tulit.

155 1781 418 1820 Excideratne
447 1783 550 1821 adeo
579 1783 705 1820 fatum
734 1782 806 1820 tibi
836 1782 1007 1821 nominis
1038 1782 1165 1829 huius,
1470 1799 1488 1832 5

208 1847 340 1886 obruit
368 1847 522 1886 Actiaci
552 1849 662 1898 quod
691 1847 816 1897 gravis
846 1848 901 1886 ira
929 1848 1046 1887 freti?

153 1926 203 1950 an
234 1912 304 1950 tibi
334 1912 514 1962 promisit
545 1914 711 1951 Rhenus
742 1914 850 1963 quod
881 1927 962 1952 non
993 1913 1104 1952 dedit
1133 1912 1188 1952 illi

208 1977 335 2024 Nilus,
368 1985 406 2016 et
435 1977 592 2016 Arctois
622 1979 709 2028 plus
739 1978 914 2017 licuisset
942 1978 1088 2028 aquis?
1132 1982 1135 1985 ’

152 2043 217 2081 ille
246 2042 365 2081 etiarn
394 2042 537 2081 nostris
566 2043 766 2082 Antonius
795 2043 942 2082 occidit
970 2043 1098 2090 armis,

208 2107 275 2157 qui
305 2107 376 2145 tibi
405 2109 597 2155 conlatus,
629 2109 789 2158 perfide,
823 2109 969 2148 Caesar
998 2116 1089 2147 erat.
1448 2123 1490 2147 10

195 2211 280 2241 VIII
298 2212 319 2241 6
336 2210 491 2242 excelsos
503 2211 576 2243 BA:
602 2217 779 2243 extructos
795 2213 843 2244 CA
936 2223 972 2243 11
992 2223 1039 2252 gr.
1061 2212 1132 2243 tim.
1150 2211 1200 2242 ire
1211 2211 1287 2243 Ital.
1303 2224 1311 2244 :
1334 2222 1489 2251 gressum

156 2256 224 2295 (-su
241 2255 308 2294 Pf]
323 2255 445 2286 metire
461 2254 552 2287 codd.
572 2262 620 2294 (m
637 2261 700 2296 pro
716 2257 756 2295 ti)
894 2266 932 2286 12
957 2257 1141 2287 matutinos
1158 2255 1213 2285 ΒΛ
1230 2257 1305 2297 (seq.
1325 2255 1417 2296 nos-)

199 2299 232 2329 X
253 2299 326 2330 hal).
344 2299 378 2330 R
559 2309 572 2328 1
599 2309 625 2331 r.
645 2310 707 2330 nec
724 2310 754 2331 a.
774 2310 816 2330 m.
834 2299 915 2330 AA:
950 2310 1013 2330 nec
1030 2310 1058 2330 a.
1081 2310 1106 2331 r.
1125 2310 1168 2330 m.
1184 2299 1261 2330 BA:
1294 2304 1328 2329 et
1345 2310 1375 2330 a.
1393 2309 1420 2331 r.
1440 2309 1481 2331 m.

157 2342 204 2371 CA
366 2353 385 2382 3
410 2343 437 2383 i]
456 2342 490 2373 in
507 2342 541 2372 R

199 2385 247 2416 XI
272 2396 291 2415 2
316 2391 349 2416 te
366 2397 408 2418 m.
428 2397 457 2417 e.
477 2396 510 2426 p.
528 2386 604 2418 BA:
629 2390 662 2416 te
680 2396 711 2425 p.
732 2397 761 2418 e.
781 2397 824 2418 m.
846 2386 894 2418 CA
1026 2396 1046 2425 5
1071 2385 1197 2417 factum
1215 2385 1258 2428 (L
1274 2385 1387 2425 elsort.
1405 2385 1474 2427 BA)
