1648 2729
664 139 1134 179 EPIGRAMMATON
1167 141 1271 178 LIB.
1302 141 1410 179 VIII

78 253 134 293 sic
163 266 266 292 nova
295 254 391 292 dum
421 252 571 300 condis,
603 265 774 299 revocas,
806 253 997 301 Auguste,
1028 252 1182 302 priora:

131 319 326 358 debentur
355 331 457 369 quae
485 325 576 357 sunt
605 330 786 368 quaeque
815 318 923 357 fuere
952 316 1033 356 tibi.

546 412 722 449 LXXXI

183 484 278 521 Non
307 495 376 532 per
405 481 569 532 mystica
597 495 706 520 sacra
735 480 1008 531 Dindymenes

184 561 257 587 nec
286 561 355 598 per
384 547 562 586 Niliacae
590 548 734 586 bovem
765 546 965 594 iuvencae,

183 614 312 651 nullos
341 611 514 662 denique
542 625 612 662 per
640 613 736 651 deos
766 613 941 662 deasque

183 678 283 717 iurat
313 677 450 725 Gellia,
482 678 553 716 sed
582 691 651 727 per
679 677 856 716 uniones.

182 745 255 783 hos
283 743 544 794 amplectitur,
574 744 648 781 hos
677 744 956 793 perosculatur‚
1391 760 1407 791 5

182 811 254 848 hos
283 810 419 848 fratres
447 815 573 856 vocat,
605 809 677 846 hos
706 815 822 848 vocat·
851 822 1014 855 sorores,

183 876 257 914 hos
286 874 387 913 natis
415 881 522 913 amat
550 873 677 912 acrius
707 874 874 912 duabus.

182 938 242 978 his
272 938 304 977 si
333 952 413 989 quo
443 945 572 977 careat
601 937 753 976 misella
782 951 886 985 casu,

181 1004 372 1043 victuram
402 1011 518 1054 negat
547 1016 633 1042 esse
662 1017 704 1042 se
733 1017 807 1041 nec
836 1004 986 1042 horam.

184 1071 308 1116 Eheu,
341 1083 461 1120 quam
490 1069 593 1108 bene
622 1082 740 1116 nunc,
772 1067 991 1118 Papiriane,
1370 1085 1408 1106 10

182 1134 338 1173 Annaei
366 1136 511 1173 faceret
544 1147 685 1172 manus
720 1133 881 1172 Sereni!

530 1227 730 1265 LXXXII

75 1300 206 1337 Dante
235 1297 307 1337 tibi
336 1298 450 1337 turba
479 1299 674 1348 querulos,
706 1299 895 1347 Auguste,
927 1296 1081 1335 libellos

124 1377 197 1403 nos
227 1377 388 1414 quoque
417 1364 526 1413 quod
555 1362 721 1401 domino
750 1361 924 1401 carmina
952 1375 1070 1412 parva
1098 1362 1250 1410 damus,

71 1442 187 1479 posse
216 1430 337 1468 deum
366 1429 483 1467 rebus
512 1428 656 1478 pariter
686 1427 894 1477 Musisque
922 1441 1060 1466 vacare

125 1494 270 1533 seimus
300 1501 338 1533 et
366 1495 465 1532 haee
494 1493 613 1532 etiam
642 1500 744 1532 serta
772 1494 927 1543 placere
957 1492 1038 1531 tibi.

70 1562 126 1599 fer
153 1567 271 1607 vates,
303 1561 491 1610 Auguste,
524 1566 638 1597 tuos:
677 1572 750 1597 nos
778 1558 901 1608 gloria
929 1557 1066 1605 dulcis,
1385 1573 1402 1604 5

123 1638 196 1664 nos
225 1632 292 1663 tua
320 1638 413 1663 cura
440 1624 545 1675 prior
573 1623 818 1673 deliciaeque
847 1636 993 1661 sumus.

70 1704 151 1729 non
181 1703 348 1741 quercus
377 1697 415 1728 te
445 1691 529 1728 sola
557 1690 672 1727 decet
700 1702 775 1727 nec
804 1690 936 1726 laurea
965 1687 1144 1726 Phoebi:

124 1757 191 1794 fiat
219 1763 258 1795 et
287 1769 335 1794 ex
362 1756 509 1793 hedera
537 1753 662 1793 civica
689 1761 823 1792 nostra
851 1753 933 1792 tibi.

117 1859 265 1891 LXXXI
291 1870 310 1898 4
335 1859 435 1898 gallia
453 1858 504 1889 CA
590 1859 612 1889 6
635 1858 698 1889 hos
714 1868 744 1889 u.
765 1867 790 1888 5.
809 1856 887 1887 BA:
912 1861 945 1887 et
961 1867 991 1888 u.
1011 1866 1036 1888 5.
1058 1855 1109 1886 CA
1231 1866 1247 1895 7
1273 1855 1405 1886 duobus

70 1903 127 1934 BA
143 1915 150 1935 :
174 1904 303 1934 duabus
322 1902 372 1934 CA
517 1912 538 1942 9
561 1905 664 1941 negat
679 1900 757 1933 BA:
781 1905 886 1940 neget
901 1899 952 1931 CA
1055 1900 1138 1930 hora
1154 1898 1210 1929 ΒΑ
1366 1909 1406 1930 10

70 1947 170 1987 papia
188 1947 264 1977 iane
281 1946 336 1977 BA

115 1991 282 2022 LXXXII
307 2001 327 2031 3
350 2000 475 2022 uocare
490 1988 546 2020 ΒΑ
563 1989 625 2031 (tle.
645 1987 736 2030 vac-)
869 1996 888 2027 5
912 1987 1006 2018 ducis
1025 1986 1075 2018 CA

1254 2476 1313 2508 13*
