1648 2729
765 137 1234 176 EPIGRAMMATON
1266 139 1368 177 LIB.
1403 140 1444 177 ΙΙ

598 246 733 283 LXIX

114 309 287 348 Invitum
318 323 458 348 cenare
488 310 579 348 foris
610 318 658 358 te,
692 310 876 358 Classice‚
909 311 1030 350 dicis:

166 374 197 413 si
228 389 308 414 non
339 375 526 422 mentiris,
559 375 745 423 Classice‚
777 375 1010 426 dispeream.

110 439 193 490 ipse
223 453 383 490 quoque
412 442 463 479 ad
493 454 632 479 cenam
663 442 861 491 gaudebat
891 441 1055 492 Apicius
1085 443 1162 481 ire:

164 519 254 545 cum
285 514 453 554 cenaret,
486 514 567 544 erat
597 506 741 545 tristior
770 506 846 554 ille,
878 507 998 545 dorni.

110 572 141 610 si
171 579 303 610 tamen
334 571 478 610 invitus
508 571 629 619 vadis,
662 586 741 620 cur,
775 572 960 620 Classice‚
992 573 1132 612 vadis?
1424 590 1441 622 5

166 638 340 688 ‘Cogor'
369 637 449 676 ais:
484 651 618 676 verum
650 645 732 685 est3
767 638 918 688 cogitur
947 647 985 677 et
1015 639 1152 677 Selius.

111 704 173 740 En
202 704 391 753 rogat-ad
422 716 561 741 cenam
594 702 737 741 Melior
766 710 816 750 te,
850 703 1035 751 Classice‚
1069 711 1226 742 rectam.

161 767 323 817 grandia
352 768 471 806 verba
501 768 568 806 ubi
599 770 718 806 sunt?
757 768 788 806 si
818 768 873 806 vir
903 782 954 816 es,
987 783 1090 817 ecce,
1123 783 1232 819 nega.

604 857 737 894 LXXI

109 926 329 966 Candidius
359 927 456 965 nihil
486 936 544 966 est
579 935 627 975 te,
661 927 897 967 Caeciliane.
959 928 1114 975 Notavi,

161 991 193 1030 si
222 994 384 1043 quando
414 1006 461 1031 ex
490 993 632 1031 nostris
662 992 832 1031 disticha
861 1006 988 1043 pauca
1016 994 1114 1043 lego,

107 1057 285 1106 protinus
314 1065 381 1096 aut
412 1058 534 1097 Marsi
564 1058 702 1097 recitas
731 1065 799 1096 aut
828 1058 971 1108 scripta
1001 1058 1157 1098 Catulli.

158 1123 235 1161 hoc
264 1123 361 1161 mihi
391 1125 471 1171 das,
504 1131 707 1174 tamquam
738 1124 933 1162 deteriora
961 1125 1077 1173 legas,

105 1194 147 1226 ut
176 1190 333 1227 conlata
363 1188 486 1239 magis
515 1190 697 1239 placeant
726 1191 844 1227 mea?
901 1188 1111 1228 Credimus
1142 1188 1272 1227 istud:
1421 1205 1438 1236 5

159 1255 265 1292 malo
294 1261 428 1292 tamen
457 1254 608 1301 recites,
641 1253 878 1300 Caeciliane,
910 1261 986 1292 tua.

589 1343 765 1379 LXXIV

108 1411 296 1452 Cinctum
326 1412 467 1463 togatis
497 1420 586 1463 post
615 1419 653 1451 et
682 1419 774 1450 ante
803 1411 1020 1458 Saufeium,

108 1485 256 1528 quanta
284 1477 419 1516 reduci
450 1479 627 1528 Regulus
657 1478 757 1515 solet
785 1477 910 1524 turba,

103 1544 154 1582 ad
183 1545 262 1581 alta
291 1550 450 1582 tonsum
480 1543 628 1593 templa
657 1556 747 1580 cum
778 1555 888 1580 reum
920 1541 1036 1588 misit,

105 1610 296 1655 Materne,
329 1608 485 1647 cernis?
518 1608 694 1647 invidere
723 1607 858 1646 nolito.

103 1674 313 1713 comitatus
342 1673 415 1713 iste
445 1673 493 1712 sit
523 1686 660 1724 precor
689 1680 779 1711 tuus
809 1686 1039 1722 numquam.
1420 1688 1436 1719 5

104 1741 177 1778 hos
206 1739 261 1777 illi
290 1739 439 1778 amicos
470 1746 508 1778 et
536 1752 671 1789 greges
701 1746 923 1788 togatorum

104 1806 357 1843 Fuficulenus
388 1812 558 1855 praestat
588 1811 626 1842 et
657 1803 908 1842 Faventinus.

586 1893 738 1929 LXXV

101 1963 276 2001 Verbera
305 1962 431 2001 securi
461 1962 598 2001 solitus
628 1963 691 2000 leo
720 1962 819 2000 ferre
850 1960 1022 2010 magistri

152 2028 420 2078 insertamque
449 2027 529 2078 pati
558 2028 729 2065 blandus
760 2026 800 2064 in
830 2039 898 2064 ora
927 2024 1089 2063 manum

99 2093 292 2132 dedidicit
320 2107 460 2143 pacem
490 2092 623 2131 subito
652 2091 805 2130 feritate
835 2105 999 2138 reversa,

152 2166 300 2209 quanta
330 2172 404 2197 nec
433 2158 473 2196 in
505 2157 663 2208 Libycis
693 2156 832 2196 debuit
862 2170 948 2195 esse
978 2156 1088 2206 iugis.

146 2262 262 2293 LXIX
279 2263 353 2294 hab.
374 2261 423 2299 T;
447 2273 495 2293 vv.
514 2262 657 2301 1—4l1ab.
673 2261 706 2290 R
798 2270 812 2290 1
832 2260 927 2291 dices
941 2259 989 2290 CA
1002 2258 1087 2299 (pro
1100 2258 1198 2299 dicis)
1290 2260 1311 2289 6
1327 2258 1373 2289 ait
1389 2258 1438 2290 CA

146 2306 259 2337 LXXI
287 2307 361 2337 hab.
387 2305 418 2336 T
594 2316 607 2335 1
633 2304 792 2344 gallidius
819 2303 849 2334 T
870 2304 952 2344 (pro
976 2303 1094 2344 call.):
1129 2302 1306 2333 candidius
1328 2301 1438 2332 ΒΑΕΔ

101 2361 120 2381 2
146 2350 222 2389 lego
240 2349 357 2380 ΑΑΒΑ
372 2361 380 2380 :
403 2350 492 2389 legis
509 2349 558 2380 CA
691 2358 710 2387 5
734 2348 866 2388 placeat
884 2346 934 2377 CA
1011 2347 1101 2377 istud
1118 2345 1233 2377 AACA
1251 2358 1257 2377 :
1281 2346 1362 2376 illud
1379 2345 1436 2376 ΒΑ

144 2393 290 2424 LXXIV
315 2404 334 2423 2
359 2394 525 2424 reducere
540 2393 594 2423 ΒΑ
860 2390 990 2420 LXXV
1012 2391 1085 2421 hab.
1117 2389 1147 2419 T

190 2450 211 2486 †
