1648 2729
758 95 1230 134 EPIGRAMMATON
1263 96 1367 134 LIB.
1400 97 1458 133 VI

115 205 349 256 nescioquid
381 207 468 256 plus
499 212 567 252 est,
601 205 711 255 quod
742 205 866 243 donat
897 206 1054 244 saecula
1083 205 1255 244 chartis:

168 271 340 311 victurus
370 271 530 322 genium
561 271 681 310 debet
712 271 858 310 habere
888 270 1010 310 liber)
1424 287 1462 309 10

615 349 735 386 LXII

222 414 367 453 Amisit
395 422 505 465 pater
534 413 696 452 unicum
726 415 916 452 Salanus:

223 494 353 519 cessas
384 494 548 519 munera
577 480 742 528 mittere,
776 480 990 531 Oppiane?

223 547 301 585 heu
331 547 491 585 crudele
521 547 630 585 nefas
660 548 867 597 malaeque
897 548 1067 585 Parcae!

224 612 336 651 cuius
367 611 531 651 vulturis
562 613 639 651 hoc
670 611 741 651 erit
771 613 971 651 cadaver?

607 697 750 733 LXIII

117 760 201 800 Scis
232 768 269 800 te
298 760 457 812 captari,
490 760 565 799 scis
595 762 702 799 hunc
732 760 798 811 qui
830 768 972 811 captat,
1003 774 1175 807 avarum,

171 834 210 866 et
240 826 315 866 scis
346 826 412 877 qui
443 834 574 877 captat
605 826 712 877 quid,
747 827 937 874 Mariane,
969 826 1072 865 velit.

117 901 158 931 tu
190 900 322 931 tamen
354 894 460 931 hunc
491 892 635 931 tabulis
665 894 864 940 heredem,
898 894 1026 940 stulte,
1059 891 1252 942 supremis

172 957 310 997 scribis
340 965 378 996 et
407 971 493 996 esse
524 965 592 997 tuo
621 957 689 1005 vis,
722 957 878 1004 furiose,
911 959 1011 996 loco.

121 1025 316 1062 ‘Munera
346 1037 488 1073 magna
518 1031 651 1062 tamen
682 1022 812 1061 misit)
861 1025 940 1062 Sed
970 1022 1075 1061 misit
1105 1022 1144 1060 in
1176 1023 1324 1070 hamo3
1446 1036 1463 1068 5

173 1097 211 1129 et
240 1089 477 1141 piscatorem
507 1089 625 1140 piscis
654 1103 786 1128 amare
816 1091 976 1140 potest?

120 1155 252 1195 hicine
281 1155 446 1194 deflebit
475 1169 568 1194 vero
598 1163 666 1194 tua
695 1156 774 1193 fata
804 1156 975 1194 dolore?

175 1221 206 1260 si
236 1220 359 1272 cupis,
391 1229 433 1260 ut
464 1223 600 1272 ploret,
633 1223 714 1269 des,
749 1220 940 1268 Mariam,
973 1219 1080 1258 nihil.

628 1306 741 1343 LXV

104 1375 404 1417 .‘Hexametris
435 1376 678 1426 epigramma
707 1374 824 1413 facis’
855 1374 937 1413 scio
967 1374 1099 1413 dicere
1128 1376 1318 1412 Tuccam.

176 1444 323 1489 Tucca,
355 1443 455 1480 solet
484 1441 578 1489 fieri,
609 1440 795 1491 denique,
826 1442 974 1488 Tucca,
1005 1440 1107 1479 licet.

126 1509 228 1547 ‘Sed
263 1515 397 1546 tamen
428 1509 506 1546 hoc
540 1509 704 1557 longum
739 1508 822 1546 est.⁷
870 1508 978 1545 Solet
1012 1507 1090 1545 hoc
1122 1519 1295 1556 quoque,
1318 1507 1465 1551 Tucca,

229 1573 424 1624 licetque:

179 1640 211 1679 si
242 1640 419 1679 breviora
449 1640 604 1691 probas,
637 1639 807 1679 disticha
837 1640 922 1678 sola
950 1640 1067 1689 legas.

127 1706 337 1745 conveniat
367 1706 482 1744 nobis
513 1713 555 1744 ut
584 1707 641 1744 fas
671 1705 955 1756 epigrammata
984 1706 1102 1754 longa
1452 1720 1469 1750 5

181 1774 230 1811 sit
259 1772 422 1811 transire
452 1771 534 1819 tibi,
568 1771 749 1820 scribere,
780 1773 927 1818 Tucca,
961 1770 1068 1809 mihi.

634 1856 748 1892 LXX

238 1921 499 1972 Sexagesima,
532 1919 747 1967 Marciaue,
779 1919 918 1958 messis

237 1994 326 2026 acta
354 1994 414 2025 est
443 1993 492 2033 et,
524 1993 632 2036 puto,
665 1985 742 2023 iam
773 1985 949 2023 secunda
979 1984 1122 2024 Cottae

174 2108 195 2136 9
212 2106 244 2127 n.
265 2095 355 2134 quod
370 2094 445 2134 plus
461 2093 504 2124 sit
515 2093 575 2123 ΑΑ
657 2092 788 2122 donant
798 2089 854 2121 BA
873 2092 960 2131 (-ent
973 2088 1002 2120 L
1021 2093 1096 2119 ante
1111 2088 1208 2129 corr.)
1225 2087 1273 2119 CA
1436 2096 1475 2117 10

130 2141 296 2171 victurum
308 2138 361 2169 BA
452 2137 583 2168 senium
608 2135 638 2166 T

176 2183 274 2214 LXII
302 2193 316 2213 1
341 2182 471 2213 silanus
496 2179 568 2212 BA:
594 2180 733 2211 Salanus
750 2178 799 2210 CA
949 2188 969 2208 2
994 2186 1135 2207 munera
1152 2175 1285 2206 mittere
1301 2174 1379 2205 BA:
1403 2174 1471 2205 mit.

133 2238 225 2258 mun.
245 2227 294 2257 CA
365 2226 511 2265 appiane
527 2225 582 2255 ΒΑ
598 2236 605 2255 :
629 2224 776 2264 oppiane
795 2222 842 2253 CA

177 2271 293 2302 LXIII
311 2270 384 2301 hab.
410 2269 440 2300 T
566 2280 585 2299 2
610 2267 721 2308 capiat
740 2267 787 2297 CA
806 2270 842 2296 nt
857 2265 924 2297 vid.
1028 2264 1117 2304 quod
1140 2264 1170 2295 T
1308 2263 1330 2292 6
1353 2261 1473 2302 piscis]

133 2316 187 2356 pis
209 2315 239 2345 T
333 2325 349 2353 7
376 2313 493 2344 defluit
515 2313 561 2344 T:
586 2312 725 2343 defleuit
743 2311 792 2341 CA
809 2311 902 2350 (cum
919 2308 967 2347 L)
988 2308 1050 2349 (Le.
1070 2308 1148 2346 -bit)
1251 2308 1272 2337 8
1296 2306 1408 2346 plores
1426 2305 1476 2336 CA

178 2358 272 2390 LXV
294 2357 368 2390 hab.
398 2357 458 2388 TR
568 2366 588 2396 3
610 2356 758 2396 licetque
785 2352 923 2385 AACA:
957 2352 1061 2384 licere
1085 2351 1139 2382 ΒΑ
1252 2360 1271 2390 5
1296 2351 1400 2389 lunga
1427 2349 1473 2380 CA

134 2404 196 2445 (tle.
216 2401 332 2442 longa)
