1648 2729
196 147 253 183 M.
284 146 407 183 VAL.
442 146 757 185 MARTIALIS

195 257 253 296 Sit
281 257 353 296 tibi
381 265 481 296 terra
500 258 595 297 levis
625 258 815 309 mollique
844 258 984 310 tegaris
1013 260 1171 307 harena,

247 335 298 361 ne
326 330 394 361 tua
422 336 503 361 non
532 323 684 373 possint
713 337 847 363 eruere
876 338 965 363 ossa
993 338 1122 364 canes.

694 442 812 479 XXX

197 519 484 568 Cappadocum
514 518 638 557 saevis
667 519 862 558 Antistius
891 519 1039 559 occidit
1067 520 1143 559 oris

250 582 449 621 Rusticus.
509 584 545 622 O
574 584 673 622 tristi
701 584 864 624 crimine
893 593 993 624 terra
1021 588 1196 624 nocens!

198 647 366 686 Rettulit
395 661 484 686 ossa
512 648 600 687 sinu
630 649 708 687 cari
738 650 902 700 Nigrina
930 650 1059 689 mariti

251 721 289 752 et
319 721 458 763 questa
485 721 544 752 est
572 715 708 764 longas
738 728 820 753 non
849 715 940 754 satis
970 729 1056 754 esse
1084 715 1166 755 vias
1180 731 1191 764 5

197 791 369 828 cumque
398 780 508 817 daret
537 787 714 818 sanctam
745 780 917 828 tumulis,
949 781 1093 831 quibus
1122 781 1286 830 invidet,
1315 794 1465 829 urnam,
1514 798 1531 829 5

250 844 332 882 visa
361 843 435 882 sibi
465 852 523 883 est
551 853 662 895 rapto
692 845 752 884 bis
781 846 941 885 viduata
968 846 1061 885 viro.

681 964 822 1001 XXXI

199 1036 302 1074 Cum
332 1047 466 1074 comes
497 1036 652 1074 Arctois
682 1038 858 1076 haereret
889 1038 1066 1077 Caesaris
1096 1038 1212 1076 armis

252 1100 400 1147 Velius,
432 1102 535 1139 hanc
566 1101 685 1139 Marti
714 1115 784 1152 pro
814 1104 916 1141 duce
945 1103 1052 1142 vovit
1080 1117 1193 1142 avem
1209 1118 1219 1151 3

198 1168 291 1204 luna
320 1173 458 1215 quater
487 1166 602 1204 binos
631 1180 712 1205 non
742 1175 825 1206 tota
853 1176 1055 1218 peregerat
1084 1169 1209 1216 orbeS‚

253 1231 388 1269 debita
415 1232 605 1282 poscebat
634 1232 711 1270 iam
742 1232 816 1271 sibi
845 1241 937 1272 vota
965 1235 1087 1272 deus:

199 1297 282 1346 ipse
312 1310 401 1335 suas
430 1310 545 1335 anser
572 1298 795 1347 properavit
823 1300 948 1337 laetus
976 1301 1028 1338 ad
1056 1313 1141 1338 aras
1513 1315 1530 1345 5

254 1370 292 1400 et
321 1362 465 1401 cecidit
493 1363 638 1402 sanctis
668 1363 797 1402 hostia
825 1378 944 1415 parva
971 1364 1080 1403 focis.

201 1428 305 1466 Octo
334 1427 443 1466 vides
472 1430 608 1478 patulo
637 1431 811 1479 pendere
840 1430 1078 1469 nomismata
1106 1438 1231 1469 rostro

253 1492 386 1531 alitis?
419 1494 518 1532 haec
547 1494 643 1533 extis
673 1495 835 1534 condita
863 1509 988 1546 nuper
1017 1503 1149 1535 erant:

201 1571 302 1608 quae
331 1558 415 1597 litat
443 1568 605 1609 argento
634 1574 705 1610 pro
735 1568 783 1608 te,
816 1574 896 1599 non
927 1561 1129 1611 sanguine,
1162 1562 1318 1608 Caesar,

255 1623 413 1662 victima
442 1624 519 1662 iam
548 1626 650 1664 ferro
681 1639 762 1664 non
792 1640 892 1677 opus
922 1640 1008 1665 esse
1037 1628 1165 1665 docet.
1494 1642 1533 1664 10

667 1741 848 1777 XXXIV

203 1810 379 1861 Iuppiter
409 1812 520 1850 Idaei
548 1812 630 1851 risit
659 1813 866 1852 mendacia
894 1814 1011 1862 busti,

255 1878 351 1914 dum
380 1877 487 1916 videt
516 1878 685 1928 Augusti
715 1879 848 1917 Flavia
876 1881 1024 1930 templa
1051 1879 1146 1930 poli,

201 1950 320 1993 atque
348 1943 449 1981 inter
478 1958 633 1982 mensas
663 1946 769 1995 largo
798 1945 875 1983 iam
905 1955 1063 1984 nectare
1090 1947 1212 1993 fusus,

256 2010 399 2058 pocula
427 2022 518 2047 cum
550 2009 669 2048 Marti
698 2012 867 2049 traderet
894 2010 978 2060 ipse
1007 2024 1089 2058 suo,

202 2073 414 2124 respiciens
444 2075 653 2113 Phoebum
683 2076 825 2126 pariter
854 2077 1088 2127 Phoebique
1117 2090 1302 2124 sororem,
1515 2094 1532 2125 5

256 2153 347 2177 cum
378 2140 522 2190 quibus
552 2141 712 2180 Alcides
742 2149 779 2180 et
808 2142 896 2192 pius
926 2144 1048 2181 Arcas
1077 2150 1183 2181 erat:

247 2243 349 2274 XXX
374 2244 446 2275 hab.
467 2244 496 2274 T
564 2254 584 2283 5
602 2245 682 2275 dare
696 2247 822 2276 sanctis
834 2244 884 2276 CA
942 2256 1027 2276 urna
1041 2245 1091 2276 CA
1165 2247 1185 2275 6
1203 2246 1253 2276 uis
1269 2246 1424 2277 uideatur
1440 2257 1469 2277 u.
1485 2246 1534 2277 CA

248 2287 367 2317 XXXI
392 2288 464 2318 hal).
482 2288 511 2317 T
575 2298 588 2318 1
609 2289 763 2319 archadis
781 2289 948 2329 T(etsorl.
964 2290 1056 2330 ΑΑ);
1082 2290 1184 2320 arctis
1196 2289 1253 2320 ΒΑ
1318 2300 1338 2320 2
1354 2290 1468 2321 verius
1483 2289 1533 2320 CA

205 2331 298 2361 nouit
316 2331 484 2369 T(etsort.
498 2331 570 2371 ΑΛ)
585 2332 640 2362 ΒΑ
728 2334 749 2362 6
771 2333 904 2372 hospita
921 2332 976 2363 ΒΑ
1065 2344 1083 2372 7
1107 2333 1222 2373 patula
1234 2332 1284 2364 CA
1371 2334 1391 2363 8
1415 2333 1491 2364 altis
1508 2333 1537 2363 T

204 2385 225 2413 9
250 2374 343 2405 litata
359 2374 414 2404 ΒΑ
432 2377 506 2415 (seq.
525 2376 562 2415 a)
699 2385 737 2406 10
761 2376 849 2406 serre
868 2376 917 2406 CA
1015 2377 1114 2407 decet
1132 2375 1225 2417 gEA)
1243 2376 1292 2407 vel
1305 2377 1406 2408 docet
1425 2377 1474 2408 CA

248 2417 400 2448 XXXIV
428 2429 439 2448 1
465 2420 541 2449 idae
560 2418 610 2450 CA
753 2430 772 2459 3
792 2420 1004 2450 intermissas
1021 2420 1076 2450 BA
1164 2421 1300 2460 largiam
1320 2419 1370 2451 CA
