<?xml version="1.0" encoding="UTF-8"?>
<!DOCTYPE html PUBLIC "-//W3C//DTD XHTML 1.0 Transitional//EN"
    "http://www.w3.org/TR/xhtml1/DTD/xhtml1-transitional.dtd">
<html xmlns="http://www.w3.org/1999/xhtml" xml:lang="en" lang="en">
 <head>
  <title>
</title>
<meta http-equiv="Content-Type" content="text/html;charset=utf-8" />
  <meta name='ocr-system' content='tesseract 3.04.00' />
  <meta name='ocr-capabilities' content='ocr_page ocr_carea ocr_par ocr_line ocrx_word'/>
</head>
<body>
  <div class='ocr_page' id='page_1' title='image "./epigrammatasele00martuoft_0057.png"; bbox 0 0 1648 2729; ppageno 0'>
   <div class='ocr_carea' id='block_1_1' title="bbox 765 146 1446 185">
    <p class='ocr_par' dir='ltr' id='par_1_1' title="bbox 765 146 1446 185">
     <span class='ocr_line' id='line_1_1' title="bbox 765 146 1446 185; baseline -0.001 -1"><span class='ocrx_word' id='word_1_1' title='bbox 765 146 1234 185; x_wconf 91' lang='lat' dir='ltr'><strong>EPIGRAMMATON</strong></span> <span class='ocrx_word' id='word_1_2' title='bbox 1265 147 1369 184; x_wconf 89' lang='lat' dir='ltr'>LIB.</span> <span class='ocrx_word' id='word_1_3' title='bbox 1403 147 1446 184; x_wconf 93' lang='lat' dir='ltr'>II</span> 
     </span>
    </p>
   </div>
   <div class='ocr_carea' id='block_1_2' title="bbox 109 257 1451 1157">
    <p class='ocr_par' dir='ltr' id='par_1_2' title="bbox 109 257 1445 374">
     <span class='ocr_line' id='line_1_2' title="bbox 109 257 1445 308; baseline -0.001 -11"><span class='ocrx_word' id='word_1_4' title='bbox 109 258 139 297; x_wconf 79' lang='lat' dir='ltr'>si</span> <span class='ocrx_word' id='word_1_5' title='bbox 171 258 268 297; x_wconf 88' lang='lat' dir='ltr'>nihil</span> <span class='ocrx_word' id='word_1_6' title='bbox 300 259 459 308; x_wconf 84' lang='lat' dir='ltr'>Europe</span> <span class='ocrx_word' id='word_1_7' title='bbox 488 257 591 305; x_wconf 86' lang='lat' dir='ltr'>fecit,</span> <span class='ocrx_word' id='word_1_8' title='bbox 623 264 718 296; x_wconf 90' lang='lat' dir='ltr'>tune</span> <span class='ocrx_word' id='word_1_9' title='bbox 748 259 893 308; x_wconf 85' lang='lat' dir='ltr'>Saepta</span> <span class='ocrx_word' id='word_1_10' title='bbox 922 265 1118 308; x_wconf 87' lang='lat' dir='ltr'>petuntur,</span> <span class='ocrx_word' id='word_1_11' title='bbox 1428 273 1445 304; x_wconf 80' lang='lat'>5</span> 
     </span>
     <span class='ocr_line' id='line_1_3' title="bbox 163 322 1120 374; baseline -0.001 -12"><span class='ocrx_word' id='word_1_12' title='bbox 163 323 194 362; x_wconf 91' lang='lat' dir='ltr'>si</span> <span class='ocrx_word' id='word_1_13' title='bbox 225 323 324 374; x_wconf 91' lang='lat' dir='ltr'>quid</span> <span class='ocrx_word' id='word_1_14' title='bbox 353 322 587 373; x_wconf 85' lang='lat' dir='ltr'>Phillyrides</span> <span class='ocrx_word' id='word_1_15' title='bbox 618 330 787 372; x_wconf 86' lang='lat' dir='ltr'>praestet</span> <span class='ocrx_word' id='word_1_16' title='bbox 817 330 855 361; x_wconf 89' lang='lat' dir='ltr'>et</span> <span class='ocrx_word' id='word_1_17' title='bbox 884 322 1120 362; x_wconf 79' lang='lat' dir='ltr'><strong>Aesonides,</strong></span> 
     </span>
    </p>

    <p class='ocr_par' dir='ltr' id='par_1_3' title="bbox 110 387 1345 500">
     <span class='ocr_line' id='line_1_4' title="bbox 110 387 1345 438; baseline 0 -12"><span class='ocrx_word' id='word_1_18' title='bbox 110 389 201 427; x_wconf 88' lang='lat' dir='ltr'>hinc</span> <span class='ocrx_word' id='word_1_19' title='bbox 231 401 393 438; x_wconf 88' lang='lat' dir='ltr'>quoque</span> <span class='ocrx_word' id='word_1_20' title='bbox 422 389 613 438; x_wconf 90' lang='lat' dir='ltr'>deceptus</span> <span class='ocrx_word' id='word_1_21' title='bbox 645 387 908 438; x_wconf 83' lang='lat' dir='ltr'>Memphitica</span> <span class='ocrx_word' id='word_1_22' title='bbox 938 389 1085 438; x_wconf 86' lang='lat' dir='ltr'>templa</span> <span class='ocrx_word' id='word_1_23' title='bbox 1114 389 1345 438; x_wconf 87' lang='lat' dir='ltr'>frequentat.</span> 
     </span>
     <span class='ocr_line' id='line_1_5' title="bbox 161 452 1130 500; baseline -0.001 -8"><span class='ocrx_word' id='word_1_24' title='bbox 161 453 317 492; x_wconf 78' lang='lat' dir='ltr'>adsidet</span> <span class='ocrx_word' id='word_1_25' title='bbox 347 461 385 492; x_wconf 91' lang='lat' dir='ltr'>et</span> <span class='ocrx_word' id='word_1_26' title='bbox 414 453 623 500; x_wconf 85' lang='lat' dir='ltr'>cathedris,</span> <span class='ocrx_word' id='word_1_27' title='bbox 655 461 805 492; x_wconf 87' lang='lat' dir='ltr'>maesta</span> <span class='ocrx_word' id='word_1_28' title='bbox 834 452 1011 500; x_wconf 87' lang='lat' dir='ltr'>iuvenca,</span> <span class='ocrx_word' id='word_1_29' title='bbox 1043 453 1130 491; x_wconf 88' lang='lat' dir='ltr'>tuis.</span> 
     </span>
    </p>

    <p class='ocr_par' dir='ltr' id='par_1_4' title="bbox 110 518 1451 634">
     <span class='ocr_line' id='line_1_6' title="bbox 110 518 1139 568; baseline -0.001 -11"><span class='ocrx_word' id='word_1_30' title='bbox 110 519 203 558; x_wconf 87' lang='lat' dir='ltr'>inde</span> <span class='ocrx_word' id='word_1_31' title='bbox 232 518 330 568; x_wconf 86' lang='lat' dir='ltr'>petit</span> <span class='ocrx_word' id='word_1_32' title='bbox 359 526 521 557; x_wconf 86' lang='lat' dir='ltr'>centum</span> <span class='ocrx_word' id='word_1_33' title='bbox 552 518 768 568; x_wconf 81' lang='lat' dir='ltr'>pendentia</span> <span class='ocrx_word' id='word_1_34' title='bbox 798 526 901 557; x_wconf 87' lang='lat' dir='ltr'>tecta</span> <span class='ocrx_word' id='word_1_35' title='bbox 931 518 1139 565; x_wconf 39' lang='lat' dir='ltr'>columnia</span> 
     </span>
     <span class='ocr_line' id='line_1_7' title="bbox 163 583 1451 634; baseline 0 -12"><span class='ocrx_word' id='word_1_36' title='bbox 163 583 271 622; x_wconf 87' lang='lat' dir='ltr'>illinc</span> <span class='ocrx_word' id='word_1_37' title='bbox 302 583 469 633; x_wconf 88' lang='lat' dir='ltr'>Pompei</span> <span class='ocrx_word' id='word_1_38' title='bbox 498 584 605 623; x_wconf 88' lang='lat' dir='ltr'>dona</span> <span class='ocrx_word' id='word_1_39' title='bbox 634 598 856 634; x_wconf 87' lang='lat' dir='ltr'>nemusque</span> <span class='ocrx_word' id='word_1_40' title='bbox 885 585 1042 634; x_wconf 84' lang='lat' dir='ltr'>duplex.</span> <span class='ocrx_word' id='word_1_41' title='bbox 1413 600 1451 622; x_wconf 90' lang='lat'>10</span> 
     </span>
    </p>

    <p class='ocr_par' dir='ltr' id='par_1_5' title="bbox 111 648 1052 765">
     <span class='ocr_line' id='line_1_8' title="bbox 111 648 1048 699; baseline 0 -12"><span class='ocrx_word' id='word_1_42' title='bbox 111 663 183 688; x_wconf 88' lang='lat' dir='ltr'>nec</span> <span class='ocrx_word' id='word_1_43' title='bbox 215 648 419 687; x_wconf 87' lang='lat' dir='ltr'>Fortunati</span> <span class='ocrx_word' id='word_1_44' title='bbox 449 648 596 699; x_wconf 89' lang='lat' dir='ltr'>spernit</span> <span class='ocrx_word' id='word_1_45' title='bbox 626 663 699 687; x_wconf 88' lang='lat' dir='ltr'>nec</span> <span class='ocrx_word' id='word_1_46' title='bbox 731 649 872 687; x_wconf 88' lang='lat' dir='ltr'>balnea</span> <span class='ocrx_word' id='word_1_47' title='bbox 903 649 1048 696; x_wconf 85' lang='lat' dir='ltr'>Fausti,</span> 
     </span>
     <span class='ocr_line' id='line_1_9' title="bbox 164 714 1052 765; baseline 0.001 -13"><span class='ocrx_word' id='word_1_48' title='bbox 164 728 238 753; x_wconf 91' lang='lat' dir='ltr'>nec</span> <span class='ocrx_word' id='word_1_49' title='bbox 268 714 391 764; x_wconf 91' lang='lat' dir='ltr'>Grylli</span> <span class='ocrx_word' id='word_1_50' title='bbox 421 715 603 753; x_wconf 85' lang='lat' dir='ltr'>tenebras</span> <span class='ocrx_word' id='word_1_51' title='bbox 632 714 896 765; x_wconf 86' lang='lat' dir='ltr'>Aeoliamque</span> <span class='ocrx_word' id='word_1_52' title='bbox 926 715 1052 764; x_wconf 86' lang='lat' dir='ltr'>Lupi:</span> 
     </span>
    </p>

    <p class='ocr_par' dir='ltr' id='par_1_6' title="bbox 111 779 1339 893">
     <span class='ocr_line' id='line_1_10' title="bbox 111 779 1339 830; baseline -0.002 -12"><span class='ocrx_word' id='word_1_53' title='bbox 111 793 201 818; x_wconf 87' lang='lat' dir='ltr'>nam</span> <span class='ocrx_word' id='word_1_54' title='bbox 232 779 394 818; x_wconf 88' lang='lat' dir='ltr'>thermis</span> <span class='ocrx_word' id='word_1_55' title='bbox 423 779 645 830; x_wconf 85' lang='lat' dir='ltr'>iterumque</span> <span class='ocrx_word' id='word_1_56' title='bbox 675 779 896 830; x_wconf 90' lang='lat' dir='ltr'>iterumque</span> <span class='ocrx_word' id='word_1_57' title='bbox 926 779 1148 830; x_wconf 89' lang='lat' dir='ltr'>iterumque</span> <span class='ocrx_word' id='word_1_58' title='bbox 1177 781 1339 818; x_wconf 85' lang='lat' dir='ltr'>lauatur.</span> 
     </span>
     <span class='ocr_line' id='line_1_11' title="bbox 163 844 990 893; baseline -0.001 -9"><span class='ocrx_word' id='word_1_59' title='bbox 163 844 298 884; x_wconf 89' lang='lat' dir='ltr'>omnia</span> <span class='ocrx_word' id='word_1_60' title='bbox 327 859 418 884; x_wconf 91' lang='lat' dir='ltr'>curn</span> <span class='ocrx_word' id='word_1_61' title='bbox 448 845 550 893; x_wconf 86' lang='lat' dir='ltr'>fecit,</span> <span class='ocrx_word' id='word_1_62' title='bbox 582 846 652 883; x_wconf 93' lang='lat' dir='ltr'>sed</span> <span class='ocrx_word' id='word_1_63' title='bbox 681 854 871 884; x_wconf 88' lang='lat' dir='ltr'>renuente</span> <span class='ocrx_word' id='word_1_64' title='bbox 901 846 990 892; x_wconf 88' lang='lat' dir='ltr'>deo,</span> 
     </span>
    </p>

    <p class='ocr_par' dir='ltr' id='par_1_7' title="bbox 111 910 1447 1026">
     <span class='ocr_line' id='line_1_12' title="bbox 111 910 1447 961; baseline -0.002 -12"><span class='ocrx_word' id='word_1_65' title='bbox 111 913 213 949; x_wconf 90' lang='lat' dir='ltr'>lotus</span> <span class='ocrx_word' id='word_1_66' title='bbox 243 911 294 949; x_wconf 90' lang='lat' dir='ltr'>ad</span> <span class='ocrx_word' id='word_1_67' title='bbox 325 912 504 961; x_wconf 88' lang='lat' dir='ltr'>Europes</span> <span class='ocrx_word' id='word_1_68' title='bbox 534 910 692 961; x_wconf 87' lang='lat' dir='ltr'>tepidae</span> <span class='ocrx_word' id='word_1_69' title='bbox 721 911 866 949; x_wconf 88' lang='lat' dir='ltr'>buxeta</span> <span class='ocrx_word' id='word_1_70' title='bbox 895 910 1065 957; x_wconf 82' lang='lat' dir='ltr'>recurrit,</span> <span class='ocrx_word' id='word_1_71' title='bbox 1413 925 1447 957; x_wconf 71' lang='lat'>15</span> 
     </span>
     <span class='ocr_line' id='line_1_13' title="bbox 164 975 1015 1026; baseline -0.001 -12"><span class='ocrx_word' id='word_1_72' title='bbox 164 975 197 1014; x_wconf 89' lang='lat' dir='ltr'>si</span> <span class='ocrx_word' id='word_1_73' title='bbox 226 975 314 1026; x_wconf 88' lang='lat' dir='ltr'>quis</span> <span class='ocrx_word' id='word_1_74' title='bbox 344 975 398 1014; x_wconf 92' lang='lat' dir='ltr'>ibi</span> <span class='ocrx_word' id='word_1_75' title='bbox 428 989 559 1014; x_wconf 90' lang='lat' dir='ltr'>serum</span> <span class='ocrx_word' id='word_1_76' title='bbox 589 983 724 1025; x_wconf 89' lang='lat' dir='ltr'>carpat</span> <span class='ocrx_word' id='word_1_77' title='bbox 752 975 904 1014; x_wconf 88' lang='lat' dir='ltr'>amicus</span> <span class='ocrx_word' id='word_1_78' title='bbox 934 975 1015 1014; x_wconf 89' lang='lat' dir='ltr'>iter.</span> 
     </span>
    </p>

    <p class='ocr_par' dir='ltr' id='par_1_8' title="bbox 114 1040 1148 1157">
     <span class='ocr_line' id='line_1_14' title="bbox 114 1040 1148 1092; baseline -0.002 -12"><span class='ocrx_word' id='word_1_79' title='bbox 114 1044 186 1080; x_wconf 88' lang='lat' dir='ltr'>Per</span> <span class='ocrx_word' id='word_1_80' title='bbox 215 1049 252 1080; x_wconf 87' lang='lat' dir='ltr'>te</span> <span class='ocrx_word' id='word_1_81' title='bbox 282 1055 430 1092; x_wconf 90' lang='lat' dir='ltr'>perque</span> <span class='ocrx_word' id='word_1_82' title='bbox 460 1049 579 1088; x_wconf 87' lang='lat' dir='ltr'>tuam,</span> <span class='ocrx_word' id='word_1_83' title='bbox 613 1049 746 1079; x_wconf 91' lang='lat' dir='ltr'>vector</span> <span class='ocrx_word' id='word_1_84' title='bbox 775 1040 930 1088; x_wconf 86' lang='lat' dir='ltr'>lascive,</span> <span class='ocrx_word' id='word_1_85' title='bbox 964 1042 1148 1090; x_wconf 78' lang='lat' dir='ltr'>puellam,</span> 
     </span>
     <span class='ocr_line' id='line_1_15' title="bbox 164 1106 1085 1157; baseline -0.002 -11"><span class='ocrx_word' id='word_1_86' title='bbox 164 1108 216 1146; x_wconf 85' lang='lat' dir='ltr'>ad</span> <span class='ocrx_word' id='word_1_87' title='bbox 245 1120 385 1146; x_wconf 87' lang='lat' dir='ltr'>cenam</span> <span class='ocrx_word' id='word_1_88' title='bbox 417 1106 567 1146; x_wconf 87' lang='lat' dir='ltr'>Selium</span> <span class='ocrx_word' id='word_1_89' title='bbox 598 1114 651 1154; x_wconf 86' lang='lat' dir='ltr'>tu,</span> <span class='ocrx_word' id='word_1_90' title='bbox 685 1120 791 1157; x_wconf 87' lang='lat' dir='ltr'>rogo,</span> <span class='ocrx_word' id='word_1_91' title='bbox 824 1114 943 1153; x_wconf 87' lang='lat' dir='ltr'>taure,</span> <span class='ocrx_word' id='word_1_92' title='bbox 977 1119 1085 1144; x_wconf 86' lang='lat' dir='ltr'>voca.</span> 
     </span>
    </p>
   </div>
   <div class='ocr_carea' id='block_1_3' title="bbox 633 1206 711 1243">
    <p class='ocr_par' dir='ltr' id='par_1_9' title="bbox 633 1206 711 1243">
     <span class='ocr_line' id='line_1_16' title="bbox 633 1206 711 1243; baseline -0.013 0"><span class='ocrx_word' id='word_1_93' title='bbox 633 1206 711 1243; x_wconf 91' lang='lat' dir='ltr'>XV</span> 
     </span>
    </p>
   </div>
   <div class='ocr_carea' id='block_1_4' title="bbox 221 1279 1056 1396">
    <p class='ocr_par' dir='ltr' id='par_1_10' title="bbox 221 1279 1056 1396">
     <span class='ocr_line' id='line_1_17' title="bbox 221 1279 1022 1331; baseline -0.002 -11"><span class='ocrx_word' id='word_1_94' title='bbox 221 1283 343 1331; x_wconf 87' lang='lat' dir='ltr'>Quod</span> <span class='ocrx_word' id='word_1_95' title='bbox 372 1281 469 1319; x_wconf 91' lang='lat' dir='ltr'>nulli</span> <span class='ocrx_word' id='word_1_96' title='bbox 499 1280 663 1320; x_wconf 87' lang='lat' dir='ltr'>calicem</span> <span class='ocrx_word' id='word_1_97' title='bbox 693 1288 806 1319; x_wconf 88' lang='lat' dir='ltr'>tuum</span> <span class='ocrx_word' id='word_1_98' title='bbox 836 1279 1022 1331; x_wconf 85' lang='lat' dir='ltr'>propinas</span> 
     </span>
     <span class='ocr_line' id='line_1_18' title="bbox 221 1346 1056 1396; baseline -0.001 -11"><span class='ocrx_word' id='word_1_99' title='bbox 221 1349 395 1385; x_wconf 85' lang='lat' dir='ltr'>humane</span> <span class='ocrx_word' id='word_1_100' title='bbox 424 1346 531 1394; x_wconf 83' lang='lat' dir='ltr'>facis,</span> <span class='ocrx_word' id='word_1_101' title='bbox 566 1348 731 1394; x_wconf 81' lang='lat' dir='ltr'>Horme,</span> <span class='ocrx_word' id='word_1_102' title='bbox 764 1360 845 1384; x_wconf 88' lang='lat' dir='ltr'>non</span> <span class='ocrx_word' id='word_1_103' title='bbox 876 1346 1056 1396; x_wconf 88' lang='lat' dir='ltr'>superbe.</span> 
     </span>
    </p>
   </div>
   <div class='ocr_carea' id='block_1_5' title="bbox 113 1447 1452 1900">
    <p class='ocr_par' dir='ltr' id='par_1_11' title="bbox 113 1447 1452 1900">
     <span class='ocr_line' id='line_1_19' title="bbox 627 1447 726 1484; baseline 0 0"><span class='ocrx_word' id='word_1_104' title='bbox 627 1447 726 1484; x_wconf 86' lang='lat' dir='ltr'>XVI</span> 
     </span>
     <span class='ocr_line' id='line_1_20' title="bbox 113 1522 1182 1574; baseline -0.003 -12"><span class='ocrx_word' id='word_1_105' title='bbox 113 1523 245 1562; x_wconf 87' lang='lat' dir='ltr'>Zoilus</span> <span class='ocrx_word' id='word_1_106' title='bbox 275 1531 473 1574; x_wconf 88' lang='lat' dir='ltr'>aegrotat:</span> <span class='ocrx_word' id='word_1_107' title='bbox 512 1522 661 1561; x_wconf 88' lang='lat' dir='ltr'>faciunt</span> <span class='ocrx_word' id='word_1_108' title='bbox 690 1524 793 1561; x_wconf 89' lang='lat' dir='ltr'>hanc</span> <span class='ocrx_word' id='word_1_109' title='bbox 823 1523 993 1573; x_wconf 85' lang='lat' dir='ltr'>stragula</span> <span class='ocrx_word' id='word_1_110' title='bbox 1021 1522 1182 1560; x_wconf 88' lang='lat' dir='ltr'>febrem.</span> 
     </span>
     <span class='ocr_line' id='line_1_21' title="bbox 168 1587 1028 1638; baseline -0.002 -11"><span class='ocrx_word' id='word_1_111' title='bbox 168 1589 200 1628; x_wconf 92' lang='lat' dir='ltr'>si</span> <span class='ocrx_word' id='word_1_112' title='bbox 229 1588 344 1627; x_wconf 92' lang='lat' dir='ltr'>fuerit</span> <span class='ocrx_word' id='word_1_113' title='bbox 373 1602 503 1635; x_wconf 86' lang='lat' dir='ltr'>sanus,</span> <span class='ocrx_word' id='word_1_114' title='bbox 535 1587 698 1627; x_wconf 86' lang='lat' dir='ltr'>coccina</span> <span class='ocrx_word' id='word_1_115' title='bbox 727 1588 824 1638; x_wconf 92' lang='lat' dir='ltr'>quid</span> <span class='ocrx_word' id='word_1_116' title='bbox 854 1587 1028 1626; x_wconf 89' lang='lat' dir='ltr'>facient?</span> 
     </span>
     <span class='ocr_line' id='line_1_22' title="bbox 115 1652 1200 1705; baseline -0.003 -12"><span class='ocrx_word' id='word_1_117' title='bbox 115 1654 212 1705; x_wconf 89' lang='lat' dir='ltr'>quid</span> <span class='ocrx_word' id='word_1_118' title='bbox 241 1662 348 1693; x_wconf 92' lang='lat' dir='ltr'>torus</span> <span class='ocrx_word' id='word_1_119' title='bbox 377 1668 401 1693; x_wconf 83' lang='lat' dir='ltr'>a</span> <span class='ocrx_word' id='word_1_120' title='bbox 430 1653 535 1702; x_wconf 92' lang='lat' dir='ltr'>Nilo,</span> <span class='ocrx_word' id='word_1_121' title='bbox 567 1653 664 1704; x_wconf 91' lang='lat' dir='ltr'>quid</span> <span class='ocrx_word' id='word_1_122' title='bbox 694 1653 843 1693; x_wconf 89' lang='lat' dir='ltr'>Sidone</span> <span class='ocrx_word' id='word_1_123' title='bbox 874 1653 1019 1691; x_wconf 89' lang='lat' dir='ltr'>tinctus</span> <span class='ocrx_word' id='word_1_124' title='bbox 1049 1652 1200 1691; x_wconf 89' lang='lat' dir='ltr'>olenti?</span> 
     </span>
     <span class='ocr_line' id='line_1_23' title="bbox 169 1718 1091 1769; baseline -0.003 -10"><span class='ocrx_word' id='word_1_125' title='bbox 169 1719 344 1759; x_wconf 88' lang='lat' dir='ltr'>ostendit</span> <span class='ocrx_word' id='word_1_126' title='bbox 373 1721 511 1758; x_wconf 87' lang='lat' dir='ltr'>stultas</span> <span class='ocrx_word' id='word_1_127' title='bbox 541 1719 638 1769; x_wconf 91' lang='lat' dir='ltr'>quid</span> <span class='ocrx_word' id='word_1_128' title='bbox 667 1718 743 1757; x_wconf 89' lang='lat' dir='ltr'>nisi</span> <span class='ocrx_word' id='word_1_129' title='bbox 773 1719 934 1757; x_wconf 90' lang='lat' dir='ltr'>morbus</span> <span class='ocrx_word' id='word_1_130' title='bbox 964 1719 1091 1768; x_wconf 90' lang='lat' dir='ltr'>opes?</span> 
     </span>
     <span class='ocr_line' id='line_1_24' title="bbox 116 1782 1452 1834; baseline -0.003 -10"><span class='ocrx_word' id='word_1_131' title='bbox 116 1785 225 1834; x_wconf 81' lang='lat' dir='ltr'>Quid</span> <span class='ocrx_word' id='word_1_132' title='bbox 255 1784 326 1824; x_wconf 92' lang='lat' dir='ltr'>tibi</span> <span class='ocrx_word' id='word_1_133' title='bbox 355 1798 445 1823; x_wconf 91' lang='lat' dir='ltr'>cum</span> <span class='ocrx_word' id='word_1_134' title='bbox 476 1784 670 1824; x_wconf 87' lang='lat' dir='ltr'>medicis?</span> <span class='ocrx_word' id='word_1_135' title='bbox 707 1784 863 1823; x_wconf 89' lang='lat' dir='ltr'>dimitte</span> <span class='ocrx_word' id='word_1_136' title='bbox 893 1785 1140 1822; x_wconf 85' lang='lat' dir='ltr'>Machaonas</span> <span class='ocrx_word' id='word_1_137' title='bbox 1169 1782 1310 1822; x_wconf 90' lang='lat' dir='ltr'>omnis.</span> <span class='ocrx_word' id='word_1_138' title='bbox 1436 1797 1452 1828; x_wconf 86' lang='lat'>5</span> 
     </span>
     <span class='ocr_line' id='line_1_25' title="bbox 170 1849 999 1900; baseline -0.001 -12"><span class='ocrx_word' id='word_1_139' title='bbox 170 1851 227 1889; x_wconf 88' lang='lat' dir='ltr'>vis</span> <span class='ocrx_word' id='word_1_140' title='bbox 258 1849 340 1889; x_wconf 89' lang='lat' dir='ltr'>fieri</span> <span class='ocrx_word' id='word_1_141' title='bbox 370 1851 520 1889; x_wconf 88' lang='lat' dir='ltr'>sanus?</span> <span class='ocrx_word' id='word_1_142' title='bbox 558 1851 729 1900; x_wconf 84' lang='lat' dir='ltr'>stragula</span> <span class='ocrx_word' id='word_1_143' title='bbox 757 1863 870 1888; x_wconf 89' lang='lat' dir='ltr'>sume</span> <span class='ocrx_word' id='word_1_144' title='bbox 900 1862 999 1887; x_wconf 87' lang='lat' dir='ltr'>mea.</span> 
     </span>
    </p>
   </div>
   <div class='ocr_carea' id='block_1_6' title="bbox 613 1944 737 1981">
    <p class='ocr_par' dir='ltr' id='par_1_12' title="bbox 613 1944 737 1981">
     <span class='ocr_line' id='line_1_26' title="bbox 613 1944 737 1981; baseline 0 -1"><span class='ocrx_word' id='word_1_145' title='bbox 613 1944 737 1981; x_wconf 91' lang='lat' dir='ltr'>XVII</span> 
     </span>
    </p>
   </div>
   <div class='ocr_carea' id='block_1_7' title="bbox 117 2017 1036 2201">
    <p class='ocr_par' dir='ltr' id='par_1_13' title="bbox 117 2017 1036 2201">
     <span class='ocr_line' id='line_1_27' title="bbox 117 2017 1036 2069; baseline -0.004 -9"><span class='ocrx_word' id='word_1_146' title='bbox 117 2021 303 2060; x_wconf 83' lang='lat' dir='ltr'>Tonstrix</span> <span class='ocrx_word' id='word_1_147' title='bbox 333 2021 511 2060; x_wconf 89' lang='lat' dir='ltr'>Suburae</span> <span class='ocrx_word' id='word_1_148' title='bbox 540 2019 720 2059; x_wconf 88' lang='lat' dir='ltr'>faucibus</span> <span class='ocrx_word' id='word_1_149' title='bbox 750 2020 862 2058; x_wconf 89' lang='lat' dir='ltr'>sedet</span> <span class='ocrx_word' id='word_1_150' title='bbox 890 2017 1036 2069; x_wconf 86' lang='lat' dir='ltr'>primis,</span> 
     </span>
     <span class='ocr_line' id='line_1_28' title="bbox 118 2085 993 2136; baseline -0.003 -12"><span class='ocrx_word' id='word_1_151' title='bbox 118 2093 279 2124; x_wconf 85' lang='lat' dir='ltr'>cruenta</span> <span class='ocrx_word' id='word_1_152' title='bbox 308 2086 485 2136; x_wconf 89' lang='lat' dir='ltr'>pendent</span> <span class='ocrx_word' id='word_1_153' title='bbox 514 2098 592 2135; x_wconf 88' lang='lat' dir='ltr'>qua</span> <span class='ocrx_word' id='word_1_154' title='bbox 621 2085 774 2134; x_wconf 85' lang='lat' dir='ltr'>flagella</span> <span class='ocrx_word' id='word_1_155' title='bbox 803 2090 993 2122; x_wconf 87' lang='lat' dir='ltr'>tortorum</span> 
     </span>
     <span class='ocr_line' id='line_1_29' title="bbox 118 2148 978 2201; baseline -0.003 -12"><span class='ocrx_word' id='word_1_156' title='bbox 118 2151 293 2201; x_wconf 84' lang='lat' dir='ltr'>Argique</span> <span class='ocrx_word' id='word_1_157' title='bbox 323 2152 466 2190; x_wconf 91' lang='lat' dir='ltr'>Letum</span> <span class='ocrx_word' id='word_1_158' title='bbox 496 2151 643 2188; x_wconf 91' lang='lat' dir='ltr'>multus</span> <span class='ocrx_word' id='word_1_159' title='bbox 672 2148 830 2188; x_wconf 88' lang='lat' dir='ltr'>obsidet</span> <span class='ocrx_word' id='word_1_160' title='bbox 859 2156 978 2187; x_wconf 91' lang='lat' dir='ltr'>sutor.</span> 
     </span>
    </p>
   </div>
   <div class='ocr_carea' id='block_1_8' title="bbox 119 2253 1458 2469">
    <p class='ocr_par' dir='ltr' id='par_1_14' title="bbox 119 2253 1458 2382">
     <span class='ocr_line' id='line_1_30' title="bbox 161 2253 1455 2294; baseline -0.002 -8"><span class='ocrx_word' id='word_1_161' title='bbox 161 2265 181 2294; x_wconf 83' lang='lat'>5</span> <span class='ocrx_word' id='word_1_162' title='bbox 206 2261 286 2286; x_wconf 90' lang='lat' dir='ltr'>tunc</span> <span class='ocrx_word' id='word_1_163' title='bbox 299 2255 377 2286; x_wconf 66' lang='lat' dir='ltr'>BA:</span> <span class='ocrx_word' id='word_1_164' title='bbox 401 2260 471 2285; x_wconf 91' lang='lat' dir='ltr'>tum</span> <span class='ocrx_word' id='word_1_165' title='bbox 487 2255 536 2285; x_wconf 79' lang='lat' dir='ltr'>CA</span> <span class='ocrx_word' id='word_1_166' title='bbox 691 2264 708 2293; x_wconf 96' lang='lat'>7</span> <span class='ocrx_word' id='word_1_167' title='bbox 734 2254 788 2284; x_wconf 93' lang='lat' dir='ltr'>hic</span> <span class='ocrx_word' id='word_1_168' title='bbox 804 2253 877 2284; x_wconf 82' lang='lat' dir='ltr'><em>Ital.</em></span> <span class='ocrx_word' id='word_1_169' title='bbox 1043 2262 1081 2292; x_wconf 87' lang='lat'>13</span> <span class='ocrx_word' id='word_1_170' title='bbox 1113 2263 1190 2283; x_wconf 90' lang='lat' dir='ltr'>nam</span> <span class='ocrx_word' id='word_1_171' title='bbox 1214 2257 1235 2284; x_wconf 90' lang='lat' dir='ltr'>t.</span> <span class='ocrx_word' id='word_1_172' title='bbox 1265 2253 1455 2291; x_wconf 85' lang='lat' dir='ltr'>iterumque</span> 
     </span>
     <span class='ocr_line' id='line_1_31' title="bbox 119 2296 1458 2339; baseline -0.003 -9"><span class='ocrx_word' id='word_1_173' title='bbox 119 2299 309 2339; x_wconf 85' lang='lat' dir='ltr'>iterumque</span> <span class='ocrx_word' id='word_1_174' title='bbox 326 2299 344 2330; x_wconf 93' lang='lat' dir='ltr'>l.</span> <span class='ocrx_word' id='word_1_175' title='bbox 366 2300 437 2330; x_wconf 56' lang='lat' dir='ltr'>CA:</span> <span class='ocrx_word' id='word_1_176' title='bbox 461 2309 538 2329; x_wconf 86' lang='lat' dir='ltr'>nam</span> <span class='ocrx_word' id='word_1_177' title='bbox 554 2299 697 2329; x_wconf 88' lang='lat' dir='ltr'>thermis</span> <span class='ocrx_word' id='word_1_178' title='bbox 714 2298 835 2328; x_wconf 88' lang='lat' dir='ltr'>iterum</span> <span class='ocrx_word' id='word_1_179' title='bbox 855 2297 961 2328; x_wconf 86' lang='lat' dir='ltr'>ternis</span> <span class='ocrx_word' id='word_1_180' title='bbox 979 2296 1170 2336; x_wconf 87' lang='lat' dir='ltr'>iterumque</span> <span class='ocrx_word' id='word_1_181' title='bbox 1194 2296 1215 2328; x_wconf 89' lang='lat' dir='ltr'>l.</span> <span class='ocrx_word' id='word_1_182' title='bbox 1246 2296 1365 2327; x_wconf 77' lang='lat' dir='ltr'>Gilbert</span> <span class='ocrx_word' id='word_1_183' title='bbox 1380 2300 1458 2337; x_wconf 80' lang='lat' dir='ltr'>post</span> 
     </span>
     <span class='ocr_line' id='line_1_32' title="bbox 119 2342 685 2382; baseline -0.002 -9"><span class='ocrx_word' id='word_1_184' title='bbox 119 2343 298 2373; x_wconf 81' lang='lat' dir='ltr'>Heinsium</span> <span class='ocrx_word' id='word_1_185' title='bbox 435 2352 472 2382; x_wconf 85' lang='lat'>¹5</span> <span class='ocrx_word' id='word_1_186' title='bbox 497 2343 613 2382; x_wconf 88' lang='lat' dir='ltr'>tepida</span> <span class='ocrx_word' id='word_1_187' title='bbox 629 2342 685 2372; x_wconf 75' lang='grc' dir='ltr'>ΒΑ</span> 
     </span>
    </p>

    <p class='ocr_par' dir='ltr' id='par_1_15' title="bbox 123 2382 1453 2469">
     <span class='ocr_line' id='line_1_33' title="bbox 165 2382 1453 2425; baseline -0.003 -8"><span class='ocrx_word' id='word_1_188' title='bbox 165 2386 246 2417; x_wconf 90' lang='lat' dir='ltr'>XVI</span> <span class='ocrx_word' id='word_1_189' title='bbox 270 2387 344 2418; x_wconf 82' lang='lat' dir='ltr'>hab.</span> <span class='ocrx_word' id='word_1_190' title='bbox 363 2386 393 2416; x_wconf 92' lang='lat' dir='ltr'><em>T</em></span> <span class='ocrx_word' id='word_1_191' title='bbox 499 2396 518 2425; x_wconf 85' lang='lat'>3</span> <span class='ocrx_word' id='word_1_192' title='bbox 541 2385 635 2417; x_wconf 82' lang='lat' dir='ltr'>olent</span> <span class='ocrx_word' id='word_1_193' title='bbox 653 2385 702 2416; x_wconf 74' lang='lat' dir='ltr'>CA</span> <span class='ocrx_word' id='word_1_194' title='bbox 813 2396 832 2424; x_wconf 88' lang='lat'>4</span> <span class='ocrx_word' id='word_1_195' title='bbox 857 2384 933 2424; x_wconf 90' lang='lat' dir='ltr'>quis</span> <span class='ocrx_word' id='word_1_196' title='bbox 948 2383 1067 2414; x_wconf 79' lang='grc' dir='ltr'>ΑΑΒΑ</span> <span class='ocrx_word' id='word_1_197' title='bbox 1085 2383 1159 2425; x_wconf 83' lang='lat' dir='ltr'>(sed</span> <span class='ocrx_word' id='word_1_198' title='bbox 1171 2383 1227 2423; x_wconf 93' lang='lat' dir='ltr'>qui</span> <span class='ocrx_word' id='word_1_199' title='bbox 1244 2382 1307 2423; x_wconf 80' lang='lat' dir='ltr'>PQ</span> <span class='ocrx_word' id='word_1_200' title='bbox 1323 2387 1359 2414; x_wconf 88' lang='lat' dir='ltr'>ut</span> <span class='ocrx_word' id='word_1_201' title='bbox 1373 2383 1453 2423; x_wconf 47' lang='lat' dir='ltr'>vid.)</span> 
     </span>
     <span class='ocr_line' id='line_1_34' title="bbox 123 2427 1232 2469; baseline -0.003 -8"><span class='ocrx_word' id='word_1_202' title='bbox 123 2441 141 2469; x_wconf 81' lang='lat'>5</span> <span class='ocrx_word' id='word_1_203' title='bbox 165 2430 305 2461; x_wconf 76' lang='lat' dir='ltr'>demitte</span> <span class='ocrx_word' id='word_1_204' title='bbox 321 2430 430 2461; x_wconf 65' lang='lat' dir='ltr'>BACA</span> <span class='ocrx_word' id='word_1_205' title='bbox 448 2434 484 2460; x_wconf 83' lang='lat' dir='ltr'>ut</span> <span class='ocrx_word' id='word_1_206' title='bbox 497 2429 560 2461; x_wconf 79' lang='lat' dir='ltr'>vid.</span> <span class='ocrx_word' id='word_1_207' title='bbox 653 2439 740 2460; x_wconf 88' lang='lat' dir='ltr'>ones</span> <span class='ocrx_word' id='word_1_208' title='bbox 759 2428 808 2459; x_wconf 76' lang='lat' dir='ltr'>CA</span> <span class='ocrx_word' id='word_1_209' title='bbox 826 2431 904 2469; x_wconf 67' lang='lat' dir='ltr'>&lt;pro</span> <span class='ocrx_word' id='word_1_210' title='bbox 933 2434 1001 2469; x_wconf 78' lang='lat' dir='ltr'>oes,</span> <span class='ocrx_word' id='word_1_211' title='bbox 1022 2428 1043 2459; x_wconf 82' lang='lat' dir='ltr'>i.</span> <span class='ocrx_word' id='word_1_212' title='bbox 1056 2438 1081 2458; x_wconf 84' lang='lat' dir='ltr'>e.</span> <span class='ocrx_word' id='word_1_213' title='bbox 1101 2427 1232 2468; x_wconf 77' lang='lat' dir='ltr'>omnes)</span> 
     </span>
    </p>
   </div>
  </div>
 </body>
</html>
