1648 2729
694 146 1164 186 EPIGRAMMATON
1195 147 1300 184 LIB.
1332 146 1415 184 XII

618 258 651 295 L

82 325 339 375 Daphnonas,
371 324 604 373 platanonas
634 329 672 361 et
701 321 827 361 aerios
857 321 1038 372 pityonas

134 396 172 428 et
201 402 283 428 non
312 388 429 427 unius
458 388 600 426 balnea
630 389 736 426 solus
766 387 900 434 habes,

80 462 119 493 et
147 453 219 493 tibi
248 453 426 493 centenis
456 460 532 492 stat
560 452 734 503 porticus
763 454 842 491 alta
870 452 1066 491 columnis

134 521 387 569 calcatusque
416 526 485 557 tuo
514 518 588 557 sub
617 519 720 569 pede
749 519 854 556 lucet
883 531 996 567 onyx,

80 586 389 634 pulvereumque
418 585 534 634 fugax
562 582 857 634 hippodromon
887 583 1034 632 ungula
1062 581 1213 632 plaudit
1403 599 1419 629 5

136 656 174 688 et
203 648 402 699 pereuntis
432 661 558 698 aquae
588 649 730 686 fluctus
761 647 910 698 ubique
940 654 1055 686 sonat
1072 661 1082 695 ;

81 714 178 753 atria
205 715 324 764 longa
352 721 500 764 patent.
560 714 639 752 Sed
669 726 744 752 nec
773 712 1010 752 cenantibus
1039 725 1208 762 usquam

136 793 210 818 nec
239 793 381 818 somno
411 780 521 818 locus
551 786 620 817 est.
681 780 814 828 Quam
844 779 947 817 bene
977 791 1058 817 non
1088 777 1265 816 habitas!

618 867 673 904 LI

81 935 183 972 Tam
214 946 331 983 saepe
361 940 539 971 nostrum
569 930 700 981 decipi
730 930 984 969 Fabullinum

83 997 242 1046 miraris,
274 999 406 1036 Aule?
443 1010 599 1047 semper
628 998 750 1035 homo
780 997 910 1035 bonus
940 996 1013 1035 tiro
1043 1004 1112 1034 est.

606 1091 686 1127 LII

83 1165 284 1213 Tempora
313 1161 439 1201 Pieria
467 1160 605 1200 solitus
635 1159 818 1199 redimire
848 1173 996 1199 corona

138 1241 212 1266 nec
241 1227 372 1266 minus
400 1226 577 1266 attonitis
607 1240 683 1265 vox
711 1226 909 1264 celebrata
938 1225 1022 1272 reis,

84 1293 148 1333 hic
177 1293 273 1332 situs
303 1300 372 1341 est,
405 1292 470 1331 hic
499 1292 563 1330 ille
598 1300 699 1339 tuus,
733 1290 976 1341 Sempronia,
1011 1291 1150 1337 Rufus,

138 1358 249 1397 cuius
280 1366 318 1397 et
347 1357 431 1408 ipse
460 1356 517 1396 tui
546 1359 682 1407 flagrat
715 1369 850 1395 amore
879 1355 988 1394 cinis.

86 1423 224 1463 Dulcis
253 1423 294 1462 in
325 1422 459 1473 Elysio
490 1422 653 1461 narraris
682 1422 816 1460 fabula
844 1434 987 1472 campo
1406 1434 1423 1465 5

138 1496 176 1528 et
206 1496 338 1539 stupet
365 1489 418 1527 ad
447 1496 580 1538 raptus
609 1486 805 1537 Tyndaris
836 1486 920 1536 ipsa
950 1494 1063 1524 tuos:

84 1562 126 1593 tu
156 1554 294 1593 melior
323 1567 425 1604 quae
455 1555 611 1592 deserto
641 1560 796 1602 raptore
825 1551 970 1599 redisti,

137 1620 203 1658 illa
230 1619 357 1658 virum
386 1619 509 1658 voluit
539 1632 613 1657 nec
641 1617 807 1668 repetita
835 1616 957 1667 sequi.

84 1685 184 1725 ridet
213 1693 252 1724 et
282 1684 426 1723 Iliacos
455 1684 566 1723 audit
597 1685 806 1722 Menelaus
836 1695 1013 1721 amores:

138 1749 306 1789 absolvit
336 1748 549 1799 Phrygium
579 1755 706 1786 vestra
735 1747 871 1798 rapina
901 1746 1042 1785 Parim.
1390 1760 1427 1783 10

85 1815 295 1866 Accipient
324 1813 418 1853 olim
449 1828 541 1852 cum
571 1821 609 1852 te
638 1815 726 1852 loca
755 1814 857 1852 laeta
886 1812 1052 1862 piorum,

139 1894 221 1920 non
251 1879 323 1919 erit
351 1880 392 1918 in
422 1879 555 1929 Stygia
583 1878 714 1918 notior
743 1878 884 1917 umbra
913 1879 1060 1916 domo:

85 1960 167 1985 non
196 1945 325 1984 aliena
353 1945 460 1984 videt
490 1945 561 1983 sed
589 1951 697 1982 amat
726 1942 962 1993 Proserpina
990 1950 1143 1993 raptas:

139 2011 212 2050 iste
241 2011 313 2050 tibi
342 2010 547 2049 dominam
578 2008 805 2048 conciliabit
834 2022 955 2047 amor.

130 2115 157 2145 L
180 2115 255 2146 hah.
279 2113 309 2144 T
395 2123 409 2143 1
439 2112 628 2152 Dephonas
647 2112 696 2143 CA
714 2112 915 2151 (Daphonas
929 2110 979 2142 A)
1071 2114 1105 2141 et
1122 2110 1250 2151 aerios]
1269 2114 1304 2140 et
1320 2110 1426 2140 erios-

84 2169 150 2199 que
166 2158 221 2189 ΒΑ
354 2157 514 2197 pityonas
537 2156 700 2186 Heinsius
723 2155 757 2186 in
789 2157 880 2196 Verg.
907 2154 976 2186 Ecl.
1000 2154 1055 2186 vii.
1086 2156 1150 2193 65:
1190 2154 1348 2194 phyonas
1381 2153 1427 2184 T:

86 2207 234 2243 pytonas
249 2201 347 2242 (-th-)
363 2201 439 2232 BA:
465 2201 660 2240 cyparissos
681 2199 731 2230 CA
819 2210 838 2230 2
864 2210 951 2230 unus
971 2198 1020 2229 CA
1108 2207 1126 2236 5
1152 2197 1270 2239 fugax]
1288 2202 1386 2237 sugat
1405 2197 1434 2227 T

89 2257 105 2285 7
130 2245 347 2285 cenantibus]
366 2255 450 2275 cena
468 2242 528 2275 tibi
548 2244 597 2275 CA
615 2245 691 2283 (seq.
710 2243 781 2284 us·)
915 2244 935 2273 8
961 2242 1041 2282 nec]
1059 2252 1103 2272 na
1126 2241 1156 2272 T

131 2289 193 2320 L11
222 2299 235 2319 1
263 2289 431 2319 redimere
450 2293 550 2320 tux-na
575 2287 625 2318 CA
737 2289 757 2317 6
781 2286 934 2326 tyndaris
957 2286 1034 2316 BA:
1057 2285 1222 2316 sinthesis
1248 2284 1297 2315 CA
1410 2295 1426 2322 7

87 2334 245 2364 desertor
269 2344 288 2363 a
314 2338 411 2372 patre
437 2332 486 2363 CA
574 2343 595 2371 9
621 2331 713 2361 audit
732 2336 764 2362 et
783 2330 820 2362 11.
844 2331 931 2361 ridet
948 2329 1150 2370 Steplzenson
1250 2338 1289 2358 10
1312 2337 1427 2367 parem

90 2377 139 2407 CA
270 2386 305 2406 11
333 2376 464 2415 logalae
481 2376 654 2415 sapiorum
673 2374 723 2405 CA
859 2384 898 2413 14
922 2374 1113 2405 conciliabit
1135 2372 1212 2403 BA:
1235 2372 1429 2403 conciliauit

90 2420 139 2451 CA
165 2425 238 2461 fpro
255 2421 353 2461 -bit2)

1280 2469 1341 2501 15*
