1648 2729
166 167 223 204 M.
255 167 377 205 VAL.
410 167 726 207 MARTIALIS

165 279 273 328 quod
302 277 378 316 nisi
406 286 516 329 rapta
543 279 643 318 foret
671 278 822 318 nolenti
850 292 990 329 poena,
1023 279 1185 330 parabat

219 343 370 382 saevior
398 343 438 382 in
467 345 590 383 lassos
620 344 674 383 ire
704 343 861 383 sinistra
888 346 1010 384 focos.

165 408 271 447 Scire
299 408 406 459 piget
434 417 524 459 post
553 411 630 448 tale
659 411 780 449 decus
810 409 906 460 quid
935 409 1069 448 feeerit
1097 417 1215 448 ante:

218 487 336 524 quarn
365 474 446 513 vidi
475 474 566 513 satis
596 476 699 514 hanc
728 482 786 514 est
816 474 913 513 mihi
942 488 1059 514 nosse
1089 488 1262 514 manum.
1461 490 1500 514 10

641 580 805 618 XXXII

165 651 268 688 Ae'ra
297 662 366 698 per
394 648 558 687 tacitum
588 650 749 699 delapsa
778 648 952 688 sedentis
981 648 1021 687 in
1050 648 1157 700 ipsos

218 713 328 752 fiuxit
355 715 557 752 Aratullae
586 714 733 752 blanda
762 714 949 753 columba
978 713 1097 752 sinus.

164 781 307 817 luserat
336 780 413 818 hoc
442 792 567 826 casus,
599 778 673 817 nisi
703 779 953 818 inobservata
982 786 1158 818 maneret

218 843 488 895 permissaque
518 844 592 882 sibi
622 845 744 883 nollet
773 843 881 883 abire
910 845 1011 894 fuga.

165 909 204 948 Si
234 909 396 947 meliora
424 909 512 959 piae
541 910 599 948 fas
629 916 687 948 est
717 923 873 960 sperare
903 908 1027 948 sorori
1482 926 1500 957 5

217 983 256 1013 et
285 975 493 1013 dominum
523 974 663 1013 mundi
691 977 848 1014 flectere
876 983 967 1014 vota
995 975 1137 1021 valent,

164 1041 262 1078 haec
291 1053 314 1078 a
343 1039 501 1079 Sardois
531 1039 602 1079 tibi
631 1040 794 1079 forsitan
825 1040 947 1079 exulis
978 1039 1066 1087 oris,

217 1106 332 1144 fratre
360 1119 572 1153 reversuro,
603 1105 742 1144 nuntia
770 1105 877 1145 venit
905 1105 997 1144 avis.

625 1211 814 1248 XXXIII

167 1282 228 1318 De
256 1279 487 1330 praetoricia
515 1279 654 1318 folium
684 1280 792 1327 mihi,
824 1281 957 1327 Paule,
989 1292 1137 1318 corona

218 1345 339 1383 mittis
369 1353 407 1384 et
436 1346 513 1384 hoc
542 1345 697 1396 phialae
726 1359 875 1384 nornen
904 1346 1050 1384 habere
1079 1344 1203 1383 iubes.

163 1412 237 1449 hac
266 1412 391 1449 fuerat
420 1424 546 1461 nuper
574 1412 720 1449 nebula
749 1410 820 1449 tibi
849 1424 991 1461 pegma
1020 1418 1267 1461 perunctum,

217 1475 364 1526 pallida
393 1489 512 1525 quam
542 1475 646 1514 rubri
677 1475 791 1514 diluit
820 1477 929 1515 unda
958 1475 1073 1514 croci.

164 1554 214 1578 an
244 1540 367 1591 magis
395 1540 514 1579 astuti
544 1542 682 1580 derasa
711 1548 770 1580 est
798 1555 930 1591 ungue
960 1539 1126 1579 ministri
1481 1554 1498 1588 5

218 1606 379 1652 brattea,
410 1607 461 1644 de
489 1607 614 1644 fulcro
643 1619 763 1656 quam
792 1619 878 1644 reor
907 1619 992 1645 esse
1021 1606 1122 1644 tuo?

165 1671 230 1709 illa
258 1678 389 1721 potest
418 1670 586 1709 culicem
615 1672 732 1722 longe
761 1670 904 1710 sentire
931 1672 1132 1710 volantem

219 1743 257 1774 et
286 1735 440 1774 minimi
468 1735 591 1786 pinna
620 1735 829 1786 papilionis
857 1735 944 1786 agi;

165 1800 326 1851 exiguae
355 1800 492 1839 volitat
521 1814 712 1850 suspensa
740 1814 885 1850 vapore
913 1802 1097 1839 lucernae

220 1873 258 1904 et
286 1865 422 1904 leviter
449 1867 538 1903 fuso
567 1865 759 1916 rumpitur
788 1866 865 1904 icta
895 1879 1014 1904 mero.
1459 1879 1500 1903 10

166 1934 242 1970 hoc
270 1931 404 1970 linitur
432 1940 548 1983 sputo
579 1932 666 1970 Iani
695 1940 853 1982 caryota
884 1931 1088 1978 Kalendis,

219 2010 338 2046 quam
368 1998 441 2035 fert
469 2010 560 2035 eum
590 2011 709 2047 parco
739 1997 921 2036 sordidus
950 2010 1037 2035 asse
1066 1995 1200 2034 cliens.

210 2100 314 2131 XXX
338 2110 356 2139 7
381 2106 478 2140 rapto
499 2100 564 2131 EA
592 2100 635 2142 (ct
648 2100 731 2139 fort.
753 2101 819 2143 CA)
910 2111 950 2132 10
973 2106 1025 2132 est
1048 2111 1114 2131 om.
1141 2102 1177 2130 ut
1195 2097 1258 2130 vid.
1287 2098 1338 2129 CA
1357 2097 1431 2138 (sed
1447 2104 1500 2130 est

166 2144 253 2174 hanc
269 2144 320 2180 A)

210 2187 348 2217 XXXII
373 2187 446 2218 hab.
471 2188 504 2219 T.
597 2198 616 2217 2
640 2188 732 2218 afluit
751 2188 799 2218 CA
815 2188 894 2229 (pro
910 2187 1016 2226 fluait,
1032 2187 1063 2218 A
1074 2192 1136 2227 pro
1149 2185 1197 2225 X)
1265 2185 1429 2216 aretullae
1444 2185 1499 2216 BA

167 2241 185 2270 3
209 2231 229 2260 l.
248 2241 387 2261 occasus
411 2230 501 2261 TLE
566 2242 705 2262 manere
721 2231 777 2262 ΒΑ
887 2242 906 2269 4
932 2232 995 2262 sibi
1020 2242 1051 2261 n.
1075 2229 1212 2260 AACA:
1235 2229 1292 2259 diu
1318 2239 1350 2260 n.
1380 2229 1497 2271 (PQf)

168 2274 215 2304 vel
236 2285 267 2304 n.
295 2277 373 2308 (om.
403 2275 480 2313 sibi)
508 2275 566 2315 (L)
592 2274 648 2304 ΒΑ
737 2284 756 2313 5
785 2275 841 2314 pia
864 2274 921 2305 BA
1009 2276 1029 2305 8
1053 2274 1322 2304 fratereuersuro
1340 2272 1392 2303 CA

210 2317 367 2348 XXXIII
393 2329 441 2348 vv.
466 2327 558 2357 1—1o‚
582 2319 696 2357 13-18.
724 2319 833 2349 21-26
859 2318 931 2350 hab.
962 2318 1007 2354 T;
1031 2329 1080 2348 vv.
1106 2318 1215 2355 23-26
1236 2315 1360 2347 hab.R
1477 2327 1498 2355 4

169 2361 276 2391 rubris
291 2361 339 2391 CA
399 2371 418 2400 5
443 2361 500 2401 anl
516 2362 549 2391 in
573 2362 607 2394 T.
622 2361 708 2392 unde
722 2363 756 2392 ni
768 2362 861 2401 Rooy
919 2364 940 2392 6
963 2362 1074 2392 fulcho
1086 2360 1160 2391 BA:
1178 2359 1295 2399 pulcro
1307 2358 1432 2400 (-chro)
1449 2359 1498 2390 CA

172 2414 205 2434 11
233 2404 391 2435 liniturus
409 2410 490 2444 puto
507 2405 571 2436 iam
591 2405 641 2436 CA
791 2415 828 2436 12
853 2416 918 2437 om.
947 2405 1003 2435 BA
1107 2414 1228 2444 parcos
1245 2402 1309 2434 cod.
1329 2403 1401 2445 (-eo
1426 2401 1498 2444 CG)

168 2457 225 2478 ase
238 2447 286 2478 CA
300 2448 332 2489 (i.
343 2459 367 2479 e.
383 2449 474 2489 asse)
