1648 2729
420 170 603 208 INDEX
642 171 1114 213 EPIGRAMMATON

160 280 235 320 Egi,
254 281 371 320 Sexte,
389 285 476 312 tuam
496 286 614 322 pactus
632 282 698 313 duo
713 282 806 314 milia
822 294 956 315 causam
1003 284 1098 326 VIII,
1120 295 1170 325 17.

158 324 267 364 Egisti
283 326 385 356 vitam
402 335 548 365 semper,
568 326 667 365 Line,
684 327 920 367 municipalem
968 328 1026 367 IV,
1043 331 1095 361 66.

159 367 281 409 Elysio
299 370 415 400 redeat
432 370 459 400 si
478 369 565 401 forte
583 371 744 401 remissus
759 371 800 401 ab
816 382 898 409 agro
946 372 988 413 X,
1014 383 1082 404 101.

159 412 234 443 Emi
251 423 312 444 seu
329 423 471 452 puerum
487 418 646 453 togamve
663 425 785 454 pexam
831 415 874 456 11,
892 426 945 455 44.

159 456 251 487 Emit
267 457 423 488 lacernas
441 458 575 488 milibus
590 459 707 489 decem
727 459 854 490 Bassus
898 459 991 499 VIII,
1014 471 1064 492 10.

161 500 283 540 Empta
301 501 421 532 domus
439 501 546 532 suerat
563 502 634 542 tibi,
653 502 868 541 Tongiliane.
888 504 1045 535 ducentis
1093 504 1153 539 ΙΙΙ,
1174 515 1227 544 52.

161 543 351 576 Encaustus
369 545 549 576 Phaethon
567 545 680 576 tabula
697 547 758 577 tibi
775 547 884 586 pictus
901 548 933 578 in
954 549 1014 579 hac
1031 555 1084 580 est
1131 549 1188 588 1V,
1206 560 1257 588 47.

159 587 276 629 Erras,
294 599 441 619 meorum
459 589 514 620 sur
529 599 628 620 avare
646 590 805 621 librorum
855 591 880 624 Ι,
899 593 952 623 66.

159 631 321 672 Esquiliis
337 634 457 664 domus
473 638 538 670 est,
556 634 675 664 domus
692 639 744 665 est
760 634 817 665 tibi
835 635 921 666 colle
939 636 1071 666 Dianae
1116 636 1191 674 VII,
1210 647 1259 676 73.

158 675 244 706 Esse
262 687 368 715 negas
385 682 516 708 coctum
534 677 685 716 leporem
704 680 884 718 poscisque
902 680 1036 719 flagella
1082 679 1144 720 ΙΙΙ,
1165 691 1217 720 94.

159 720 245 751 Esse
262 721 349 751 nihil
366 720 449 752 dicis
465 721 627 760 quidquid
646 723 743 761 petis,
762 722 905 762 inprobe
923 724 1034 754 Cinna
1081 723 1143 761 ΙΙΙ,
1161 726 1214 756 61.

160 764 246 795 Esse
262 765 341 804 quid
360 765 424 796 hoc
440 765 548 795 dicam
568 765 652 796 vivis
669 767 756 805 quod
776 767 861 797 fama
880 773 1027 806 negatur
1071 767 1110 804 V,
1134 779 1184 800 10.

160 808 245 839 Esse
262 809 321 839 tibi
339 809 456 840 videor
471 819 594 840 saevus
610 810 819 849 nimiumque
837 812 976 850 gulosus
1020 811 1114 852 VIII,
1131 821 1184 850 23.

158 851 269 889 Esset,
286 852 450 892 Castrice,
471 863 546 883 cum
565 854 642 884 mali
659 854 785 885 coloris
828 854 906 894 VII,
922 867 952 894 4.

159 895 221 928 Est
237 897 320 927 mihi
337 898 468 938 (sitque
487 907 609 936 precor
625 897 761 937 longum
780 903 813 929 te
831 900 998 938 praeside,
1017 899 1161 932 Caesari
1210 899 1270 933 IX,
1294 899 1343 930 18.

161 940 223 972 Est
240 941 299 972 tibi
317 941 444 981 (sitque
462 951 583 980 precor
600 942 724 972 multos
742 947 942 982 crescatque
958 953 1019 983 per
1035 944 1159 982 annos)
1210 943 1234 982 1,
1256 944 1326 973 108.

159 984 203 1015 Et
220 985 312 1016 dolet
329 990 363 1016 et
380 985 536 1024 queritur
551 985 614 1016 sibi
634 996 701 1016 non
719 987 923 1025 contingere
942 988 1049 1026 frigus
1095 987 1153 1028 VI,
1173 998 1226 1027 59.

159 1028 202 1059 Et
219 1029 322 1059 iudex
337 1030 424 1068 petit
440 1033 474 1059 et
491 1029 577 1068 petit
594 1034 756 1069 patronus
803 1029 848 1066 11,
870 1041 918 1070 13.

159 1073 202 1104 Et
218 1072 302 1104 latet
320 1078 354 1104 et
370 1072 459 1104 lucet
477 1073 729 1104 Phaethontide
747 1075 883 1105 condita
899 1079 997 1114 gutta
1044 1075 1100 1114 IV,
1118 1085 1170 1114 32.

159 1117 296 1148 Etrusci
313 1117 378 1147 nisi
397 1117 575 1148 thermulis
591 1117 715 1148 lavaris
760 1117 817 1156 VI,
836 1129 888 1157 42.

159 1161 363 1200 Eutrapelus
379 1165 498 1191 tonsor
514 1161 592 1191 dum
612 1161 731 1192 circuit
747 1172 806 1192 ora
825 1162 969 1202 Luperci
1015 1162 1091 1202 VII,
1112 1164 1165 1202 83.

164 1205 285 1244 ExigIs
302 1216 320 1236 a
337 1205 436 1236 nobis
454 1215 592 1244 operam
610 1206 684 1235 sine
702 1206 770 1236 fine
786 1210 936 1245 togatam
983 1205 1045 1244 ΙΙΙ,
1063 1208 1117 1246 46.

163 1246 283 1288 Exigis
300 1254 336 1280 ut
353 1249 476 1279 donem
494 1253 630 1280 nostros
648 1250 720 1290 tibi,
739 1250 879 1289 Quinte,
899 1250 1031 1281 libellos
1078 1250 1137 1288 IV,
1153 1261 1206 1289 27.

162 1292 283 1331 Exigis
301 1297 335 1323 ut
353 1297 488 1323 nostros
506 1293 629 1324 donem
648 1293 719 1334 tibi,
740 1294 863 1331 Tucca,
881 1294 1017 1325 libellos
1063 1294 1139 1333 VII,
1159 1305 1210 1333 77.

162 1337 370 1376 Explicitum
388 1337 485 1367 nobis
503 1347 610 1377 usque
626 1338 669 1368 ad
687 1347 747 1368 sua
763 1348 889 1369 cornua
906 1338 1025 1368 librum
1072 1338 1134 1378 XI,
1155 1349 1226 1377 107.

159 1381 412 1421 Extemporalis
430 1381 536 1412 factus
552 1386 605 1412 est
621 1391 717 1412 meus
734 1382 852 1413 rhetor
897 1382 937 1422 V,
958 1392 1010 1422 54.

161 1448 315 1479 Fabricio
331 1448 467 1478 iunctus
485 1448 553 1478 fido
571 1448 753 1487 requiescit
769 1447 927 1487 Aquinus
974 1447 999 1489 1,
1017 1459 1069 1489 93.

161 1492 311 1523 Facundi
330 1492 484 1522 Senecae
501 1496 626 1531 potens
642 1492 769 1523 amicus
812 1492 889 1532 VII,
908 1502 961 1532 45.

163 1537 265 1567 Fama
282 1536 387 1568 refert
404 1541 540 1567 nostros
557 1541 601 1576 te,
622 1536 813 1574 Fidentine,
831 1537 966 1567 libellos
1012 1535 1039 1575 Ι,
1056 1546 1108 1576 29.

162 1580 341 1611 Fastorum
358 1581 496 1619 genitor
512 1590 703 1619 parensque
722 1580 823 1611 Ianus
868 1580 962 1619 VIII,
982 1590 1013 1612 2.

161 1624 308 1656 Felicem
327 1625 400 1654 fieri
419 1624 529 1655 credis
546 1634 610 1662 me,
628 1624 732 1664 Zoile,
752 1635 848 1664 cena,
895 1623 939 1664 ΙΙ,
963 1635 1011 1664 19.

164 1668 306 1708 Felices,
326 1668 447 1707 quibus
462 1679 549 1699 urna
566 1669 658 1698 dedit
675 1673 830 1708 spectare
848 1678 1027 1699 coruscum
1074 1667 1117 1704 X,
1137 1668 1168 1698 6.

162 1713 285 1743 Fertur
301 1713 427 1743 habere
443 1723 547 1751 meos,
567 1713 596 1743 si
613 1723 695 1743 vera
713 1717 764 1742 est
781 1713 878 1752 sama,
897 1713 1030 1743 libellos
1075 1711 1152 1750 VII,
1172 1712 1224 1742 88.

162 1757 335 1788 Festinata
352 1757 454 1795 prior,
475 1757 599 1787 decimi
617 1757 699 1786 mihi
717 1766 797 1787 cura
813 1756 918 1787 libelli
965 1756 1011 1794 X,
1027 1766 1058 1788 2.

163 1801 338 1832 Festinata
355 1801 407 1831 sui
426 1805 579 1840 gemeret
597 1801 687 1840 quod
704 1800 772 1831 sata
789 1800 910 1831 Severi
958 1799 1019 1840 IX,
1038 1800 1090 1831 86.

163 1844 300 1875 Festive
318 1845 431 1875 credis
448 1849 494 1882 te,
514 1843 719 1881 Calliodore,
741 1845 847 1875 iocari
891 1843 950 1882 VI,
971 1855 1023 1884 44.

164 1889 288 1919 Fetere
305 1889 410 1919 multo
430 1888 575 1928 Myrtale
592 1889 682 1919 solet
699 1888 777 1918 vino
823 1888 866 1926 V,
882 1899 912 1927 4.

163 1933 275 1963 Flavia
291 1942 389 1972 gens,
408 1936 569 1971 quantum
587 1932 646 1962 tibi
663 1932 783 1962 tertius
801 1931 937 1961 abstulit
954 1931 1055 1962 heres
1070 1933 1076 1963 l
1122 1930 1182 1972 Ep.
1203 1939 1254 1970 33.

163 1977 317 2007 Flectere
333 1981 366 2007 te
383 1976 498 2012 nolim,
517 1976 578 2006 sed
596 1986 659 2006 nec
676 1976 812 2011 turbare
831 1976 971 2015 capillos
1017 1974 1060 2013 11,
1079 1976 1132 2013 36.

163 2021 341 2052 Flentibus
357 2020 543 2050 Heliadum
561 2020 662 2050 ramis
679 2020 756 2049 dum
774 2020 892 2058 vipera
908 2019 998 2058 repit
1045 2018 1106 2056 IV,
1122 2029 1176 2058 59.

165 2065 302 2095 Florida
318 2074 381 2104 per
396 2065 511 2094 varios
527 2069 564 2094 ut
581 2063 732 2103 pingitur
751 2063 866 2102 Hybla
883 2063 1014 2093 colores
1060 2062 1105 2099 ΙΙ,
1124 2064 1177 2101 46.

166 2109 257 2139 Fons
273 2109 442 2147 dominae,
461 2107 578 2147 regina
596 2107 660 2138 loci
677 2118 744 2147 quo
762 2108 888 2146 gaudet
905 2106 1037 2137 Ianthis
1081 2106 1158 2141 VH,
1177 2116 1232 2145 50.

166 2153 405 2191 Fragmentum
423 2152 514 2190 quod
529 2151 594 2182 vile
611 2156 709 2191 putas
726 2156 761 2181 et
779 2151 898 2181 inutile
914 2151 1042 2190 lignum
1088 2149 1164 2190 VII,
1189 2159 1239 2188 19.

164 2197 312 2235 Frangat
330 2195 509 2226 idumaeas
525 2195 633 2226 tristis
648 2195 802 2226 Victoria
819 2195 949 2234 palmas
994 2194 1037 2232 X,
1056 2204 1109 2234 50.

165 2241 348 2271 Frontibus
365 2240 520 2270 adversis
535 2239 655 2270 molles
673 2249 875 2270 concurrere
893 2239 1042 2268 dammas
1088 2237 1145 2274 IV,
1160 2246 1213 2276 35.

166 2285 315 2325 Frustra,
334 2283 540 2321 Blanditiae,
556 2284 681 2314 venitis
697 2284 739 2313 ad
757 2293 811 2313 me
858 2282 902 2320 X,
922 2292 973 2321 72.

167 2328 305 2367 Fugerit
321 2338 365 2358 an
384 2327 546 2358 Phoebus
562 2337 699 2357 mensas
716 2336 902 2365 cenamque
917 2325 1089 2364 Thyestae
1136 2323 1199 2361 ΙΙΙ,
1218 2334 1269 2363 45.

167 2373 300 2403 Funera
317 2377 393 2411 post
409 2377 542 2411 septem
562 2371 677 2411 nupsit
695 2371 753 2401 tibi
773 2370 870 2401 Galla
886 2369 1034 2400 virorum
1082 2368 1144 2407 IX,
1163 2368 1214 2407 78.

166 2416 234 2447 Fur
249 2421 353 2447 notae
371 2415 509 2446 nimium
527 2415 722 2455 rapacitatis
767 2414 826 2453 VI,
846 2423 896 2453 72.

166 2482 271 2514 Gaius
286 2482 375 2513 hanc
391 2481 502 2512 lucem
518 2491 652 2521 gemma
668 2480 750 2511 mihi
767 2479 871 2510 Iulius
886 2479 962 2510 alba
1009 2478 1069 2518 XI,
1089 2480 1145 2516 36.
1184 2482 1186 2485 '
1227 2519 1288 2551 90*
