1648 2729
708 133 1178 172 EPIGRAMMATON
1210 134 1313 171 LIB.
1346 134 1429 172 VII

572 246 725 284 LXXX

93 310 300 359 Quatenus
330 309 520 360 Odrysios
550 310 628 349 iam
658 323 733 361 pax
763 312 948 349 Romana
976 310 1122 350 triones

146 382 337 426 temperat
367 383 405 414 et
434 375 593 415 tetricae
623 376 850 415 conticuere
879 377 1010 425 tubae,

91 441 197 479 hunc
227 440 462 480 Marcellino
490 441 647 492 poteris,
680 442 878 490 Faustine,
909 442 1085 481 libellum

145 504 321 545 mittere:
360 505 438 545 iam
468 507 626 555 chartis,
655 507 733 546 iam
763 514 876 546 vacat
905 507 969 547 ille
998 507 1106 546 iocis.

91 571 161 609 sed
191 570 222 609 si
251 584 370 621 parva
399 571 455 610 tui
485 574 721 611 munuscula
750 572 904 622 quaeris
933 572 1050 611 amici
1412 590 1429 622 5

145 638 437 685 commendare,
468 638 565 676 ferat
594 637 768 676 carmina
797 645 931 677 nostra
959 651 1081 689 puer:

90 714 171 740 non
201 701 328 752 qualis
359 702 522 742 Geticae
552 703 713 742 satiatus
743 705 844 743 lacte
873 703 1063 743 iuvencae

144 767 360 806 Sarmatica
389 768 515 818 rigido
544 769 645 808 ludit
679 769 719 807 in
753 783 871 808 amne
900 776 995 816 rota,

89 833 160 871 sed
191 832 422 882 Mitylenaei
452 847 587 873 roseus
617 834 825 884 mangonis
855 835 1035 885 ephebus

143 898 204 936 vel
233 911 314 937 non
344 911 482 937 caesus
510 900 643 937 adhuc
673 906 796 937 matre
825 898 987 937 iubente
1018 900 1164 937 Lacon.
1390 914 1430 938 10

88 969 128 1001 at
156 962 228 1001 tibi
257 963 414 1014 captivo
442 965 612 1002 famulus
642 964 818 1003 mittetur
846 964 897 1002 ab
928 964 1068 1003 Histro

143 1027 211 1078 qui
240 1028 469 1068 Tiburtinas
499 1042 659 1079 pascere
688 1029 813 1080 possit
842 1042 947 1068 oves.

555 1130 730 1168 LXXXI

90 1193 290 1244 ‘Triginta
320 1201 404 1233 toto
435 1196 537 1233 mala
566 1202 658 1234 sunt
687 1194 971 1246 epigrammata
999 1195 1124 1234 libro.’

142 1258 181 1299 Si
210 1259 378 1299 totidem
407 1260 514 1299 bona
543 1268 645 1308 sunt,
678 1262 819 1309 Lause,
850 1261 980 1300 bonus
1010 1261 1108 1300 liber
1137 1269 1206 1300 est.

537 1356 761 1394 LXXXIII

89 1420 324 1469 Eutrapelus
354 1426 491 1458 tonsor
519 1420 616 1458 dum
646 1420 783 1459 circuit
813 1433 881 1460 ora
910 1420 1079 1471 Luperci

140 1483 394 1535 expingitque
423 1498 554 1535 genas,
585 1487 707 1525 altera
736 1486 859 1525 barba
887 1485 1003 1525 subit.

542 1587 759 1624 LXXXIV

88 1650 195 1687 Dum
226 1662 315 1688 mea
345 1649 520 1689 Caecilio
549 1652 739 1690 formatur
767 1650 898 1701 imago
927 1652 1114 1690 Secundo

139 1713 259 1764 spirat
287 1722 325 1753 et
353 1722 490 1765 arguta
518 1715 623 1766 picta
652 1716 796 1755 tabella
826 1730 960 1765 manu,

85 1779 107 1826 i,
139 1779 247 1826 liber,
279 1782 330 1819 ad
361 1780 542 1820 Geticam
573 1784 732 1821 Peucen
764 1781 1028 1832 Histrumque
1056 1781 1279 1821 iacentem:

138 1846 237 1884 haec
265 1846 353 1884 loca
382 1846 613 1896 perdomitis
642 1847 826 1897 gentibus
856 1847 921 1886 ille
951 1854 1068 1886 tenet.

32 1910 35 1912 ’
84 1923 202 1960 parva
231 1910 344 1950 dabis
374 1925 465 1950 caro
494 1913 565 1951 sed
595 1912 727 1951 dulcia
756 1913 863 1951 dona
892 1911 1047 1951 sodali:
1403 1927 1421 1960 5

139 1975 279 2015 certior
307 1976 347 2014 in
377 1984 512 2016 nostro
542 1977 715 2016 carmine
744 1979 874 2016 vultus
904 1977 999 2026 erit3

84 2041 239 2080 casibus
269 2041 333 2080 hic
362 2041 491 2090 nullis,
524 2042 641 2081 nullis
671 2042 851 2082 delebilis
881 2042 994 2081 annis

137 2106 250 2154 vivet,
283 2109 493 2157 Apelleum
524 2122 616 2147 cum
646 2108 834 2148 morietur
863 2121 974 2159 opus.

129 2209 262 2240 LXXX
285 2219 304 2249 5
321 2211 449 2242 amicae
465 2210 515 2242 CA
645 2214 666 2243 6
689 2212 774 2243 seret
786 2210 842 2243 BA
858 2223 865 2243 :
889 2211 975 2242 ferat
993 2211 1042 2242 CA
1177 2212 1196 2241 8
1221 2211 1329 2250 rigido
1345 2211 1399 2241 ΒΑ
1417 2223 1423 2242 :

83 2253 196 2292 gelido
218 2253 267 2284 CA
377 2254 471 2286 ludet
495 2249 550 2286 BA
577 2256 643 2295 (i.e.
674 2256 714 2286 -it
725 2255 751 2297 3)
909 2265 949 2286 10
973 2265 1094 2286 caecus
1122 2254 1170 2285 CA
1283 2255 1422 2287 uiuente

84 2298 185 2338 (ium)
204 2296 262 2326 BA
397 2309 434 2328 12
459 2303 575 2338 posset
593 2299 643 2330 CA
662 2299 695 2341 (i.
707 2310 729 2330 e.
749 2299 823 2339 -it3)

129 2340 312 2372 LXXXIV
335 2351 354 2371 2
380 2352 516 2373 manum
534 2343 583 2374 CA
727 2353 747 2382 3
771 2343 860 2374 iom.
880 2341 928 2373 CA
1018 2346 1189 2373 tacentem
1205 2341 1259 2372 BA
1404 2352 1420 2382 7

83 2418 184 2450 nullis
200 2419 300 2450 semel
314 2418 363 2450 CA
381 2420 469 2459 (cum
486 2418 562 2459 LP)
653 2419 772 2450 debilis
790 2419 911 2450 flebilis
933 2418 982 2450 CA
1009 2419 1086 2461 (pro
1102 2385 1258 2460 geliilisb

1274 2473 1334 2506 11*
