1648 2729
187 127 243 163 M.
275 125 399 163 VAL.
431 126 747 164 MARTIALIS

293 238 364 276 sed
394 238 552 276 crebros
581 237 702 276 iubet.
763 237 923 276 Exitum
953 238 1147 288 requiris?

294 302 443 340 Vinum
474 304 614 353 Phryx,
645 304 784 342 oculus
813 303 915 342 bibit
943 318 1153 343 venenum.

660 382 837 418 LXXIX

186 449 324 488 Tristis
354 463 395 488 es
426 458 464 489 et
493 450 594 489 felix.
655 450 761 489 Sciat
790 452 867 490 hoc
898 453 1073 490 Fortuna
1102 459 1265 490 caveto:

241 515 436 565 ingratum
465 515 571 554 dicet
601 524 649 564 te,
683 518 807 567 Lupe,
839 516 871 555 si
901 516 1041 555 scierit.

674 594 827 631 LXXX

189 665 241 701 Vt
271 676 374 702 nova
403 664 511 702 dona
540 663 623 711 tibi,
655 664 812 711 Caesar,
845 663 1020 702 Nilotica
1049 665 1163 703 tellus

244 728 400 767 miserat
430 728 614 767 hibernas
643 729 855 767 ambitiosa
884 742 1002 767 rosas.

190 794 320 832 navita
349 794 483 833 derisit
514 794 678 833 Pharios
711 794 998 845 Memphiticus
1028 796 1176 842 hortos,

244 859 350 898 urbis
380 867 422 898 ut
451 859 608 898 intravit
638 860 774 898 limina
803 860 929 910 prima
958 868 1071 899 tuae:

190 932 322 963 tantus
351 924 450 963 veris
480 927 609 964 honos
639 933 677 964 et
708 927 855 964 odorae
884 925 1006 975 gratia
1036 927 1175 964 Florae
1516 942 1533 973 5

245 998 432 1040 tantaque
462 990 645 1029 Paestani
673 991 795 1041 gloria
824 991 920 1029 ruris
950 998 1055 1039 erat,

192 1055 257 1102 sic,
290 1068 543 1105 quacumque
572 1069 692 1106 vagus
721 1070 980 1106 gressumque
1010 1057 1229 1106 oculosque
1258 1057 1422 1104 ferebat,

247 1120 454 1159 tonsilibus
483 1120 594 1159 sertis
624 1134 743 1160 omne
772 1122 938 1160 rubebat
967 1121 1049 1160 iter.

194 1188 247 1223 At
276 1193 317 1223 tu
349 1187 556 1224 Romanae
585 1186 714 1225 iussus
743 1186 820 1225 iam
852 1188 992 1225 cedere
1021 1187 1185 1225 brumae

249 1250 359 1289 mitte
389 1259 474 1289 tuas
504 1265 664 1300 messes,
694 1252 840 1303 accipe,
874 1252 976 1301 Nile,
1008 1265 1126 1291 rosas.
1495 1266 1537 1290 10

661 1330 859 1366 LXXXII

306 1391 481 1441 Quidam
512 1406 575 1431 me
606 1394 739 1441 modo,
772 1394 887 1441 Rufe,
920 1393 1127 1443 diligenter

304 1457 540 1507 inspectum,
571 1460 677 1497 velut
707 1466 862 1509 emptor
890 1466 957 1497 aut
986 1459 1137 1506 lanista,

306 1536 398 1561 cum
427 1525 537 1561 vultu
567 1523 771 1574 digitoque
801 1524 1063 1571 subnotasset,

310 1589 450 1626 ‘Tune
480 1602 531 1635 es,
565 1590 680 1627 tune’
709 1589 764 1627 ait
795 1589 884 1628 ‘ille
915 1589 1118 1636 Martialis,

306 1652 418 1691 cuius
448 1654 643 1704 nequitias
673 1654 862 1704 iocosque
892 1654 1001 1692 novit
1518 1671 1535 1701 5

306 1731 441 1756 aurem
472 1718 539 1768 qui
570 1721 691 1758 modo
721 1733 802 1757 non
832 1720 952 1758 habet
983 1720 1225 1757 Batavam?'

308 1783 458 1821 Subrisi
488 1784 656 1832 modice,
687 1784 843 1834 levique
872 1792 971 1823 nutu

309 1862 373 1886 me
403 1862 521 1898 quem
551 1849 700 1888 dixerat
729 1864 814 1888 esse
844 1864 925 1888 non
954 1849 1104 1899 negavi.

310 1916 319 1932 ‘
337 1914 418 1952 Cur
447 1916 561 1964 ergo'
590 1914 720 1965 inquis
753 1915 897 1954 ‘habes
927 1916 1048 1953 malas
1078 1915 1309 1953 lacernas?'

310 1980 542 2029 Respondi:
577 1980 694 2030 ‘quia
723 1994 810 2018 sum
841 1981 967 2018 malus
998 1981 1140 2030 poeta.'
1500 1995 1539 2017 10

311 2045 405 2082 Hoc
435 2058 485 2082 ne
514 2045 669 2095 saepius
698 2045 853 2084 accidat
881 2053 1036 2096 poetae,

311 2108 454 2157 mittas,
487 2112 602 2157 Rufe,
635 2111 732 2149 rnihi
762 2111 887 2149 bonas
917 2112 1103 2149 lacernas.

249 2212 399 2242 LXXIX
422 2223 441 2242 2
467 2214 546 2245 dicit
562 2214 618 2244 ΒΑ
636 2215 715 2255 <pro
731 2219 798 2245 -cet
809 2214 834 2249 Γ)
1225 2214 1358 2245 LXXX
1380 2214 1454 2246 hab.
1480 2214 1540 2246 TR

207 2267 219 2285 1
247 2256 307 2286 tibi
325 2256 357 2286 in
367 2257 439 2295 fine
455 2268 566 2288 versus
584 2258 633 2288 CA
737 2269 756 2297 4
781 2257 871 2288 orbis
888 2257 947 2286 ΑΑ
1050 2267 1069 2296 5
1095 2257 1190 2289 uenis
1208 2258 1255 2288 CA
1273 2260 1308 2298 (n
1321 2263 1383 2298 pro
1399 2260 1431 2299 r)
1521 2267 1538 2295 7

204 2310 310 2338 uagus
329 2300 392 2338 (R)
411 2301 460 2330 vel
473 2312 578 2341 uagos
597 2302 662 2344 (T)
680 2302 738 2332 ΑΛ
755 2313 761 2332 :
786 2312 893 2341 uagus
908 2300 1015 2331 BACA
1162 2303 1182 2332 8
1206 2302 1387 2333 tonsilibus
1402 2301 1516 2332 AABA
1533 2312 1540 2331 :

204 2343 379 2373 textilibus
398 2343 445 2373 CA

250 2386 418 2417 LXXXII
444 2398 463 2417 2
488 2388 666 2427 inspector
680 2388 758 2419 BA:
782 2389 971 2427 inspectum
991 2386 1041 2418 CA
1129 2398 1148 2426 5
1171 2388 1302 2420 notauit
1321 2388 1366 2419 CA
1387 2388 1438 2430 (cf
1457 2399 1486 2419 v.
1504 2390 1538 2427 3)

203 2432 224 2460 6
247 2429 394 2460 habebat
410 2441 507 2461 auam
524 2432 579 2461 ΒΑ
746 2443 785 2462 12
809 2431 889 2461 mihi
907 2431 980 2462 ruse
997 2431 1050 2461 BA
