1648 2729
764 170 1235 210 EPIGRAMMATON
1265 172 1370 210 LIB.
1401 174 1439 210 X

105 295 207 332 quae
236 295 327 320 cum
357 295 475 332 saepe
503 296 622 333 vagus
652 290 846 332 premeret
875 283 1112 322 torrentibus
1143 284 1260 322 undis

160 347 330 396 Thybris
359 354 397 386 et
427 347 595 386 hiberno
624 356 821 398 rumperet
849 362 941 386 arva
969 350 1068 397 lacu,

106 412 308 451 emeritam
338 413 515 464 puppim,
548 413 631 463 ripa
660 427 761 463 quae
791 414 919 452 stabat
948 413 989 452 in
1017 416 1108 461 alta,
1423 432 1439 463 5

158 477 321 527 inplevit
350 477 451 516 saxis
480 478 747 529 obposuitque
775 478 897 517 vadis.

105 542 160 581 sic
190 542 331 582 nimias
359 543 498 582 avertit
526 557 659 594 aquas.
720 543 822 593 Quis
851 545 1011 583 credere
1040 546 1206 594 posset?

157 608 344 647 auxilium
375 608 540 647 domino
571 623 696 648 mersa
725 609 857 648 carina
886 609 983 648 tulit.

556 728 769 765 LXXXVI

105 797 237 835 Nemo
266 809 369 835 nova
398 796 518 835 caluit
546 796 602 835 sic
630 796 899 835 inflammatus
927 796 1054 835 amica

158 861 333 912 flagravit
363 869 512 912 quanto
542 863 695 900 Laurus
723 876 857 901 amore
886 862 1000 912 pilae.

104 928 175 966 sed
204 926 272 977 qui
302 927 450 977 primus
480 935 560 966 erat
590 929 696 966 lusor
725 929 820 966 dum
851 927 982 965 floruit
1011 934 1130 973 aetas,

159 1007 265 1032 nunc
294 1000 504 1043 postquam
534 994 635 1032 desit
663 994 799 1032 ludere
827 993 952 1043 prima
981 993 1058 1043 pila
1087 1001 1155 1031 est.

547 1111 785 1147 LXXXVII

213 1180 410 1219 Octobres
438 1194 510 1230 age
539 1179 681 1218 sentiat
711 1181 917 1218 Kalendas

213 1245 374 1284 facundi
403 1245 468 1296 pia
499 1247 630 1284 Roma
661 1245 874 1283 Restituti:

213 1310 354 1361 linguis
384 1311 571 1349 omnibus
600 1318 638 1349 et
667 1312 794 1349 favete
822 1310 947 1357 votis;

213 1378 384 1414 natalem
414 1376 596 1423 colimus,
626 1383 752 1414 tacete
781 1375 879 1414 lites.

212 1442 314 1492 apsit
343 1455 479 1480 cereus
507 1441 605 1480 aridi
634 1441 800 1488 clientis,
1426 1455 1442 1485 5

215 1515 253 1545 et
282 1507 372 1545 vani
402 1507 574 1558 triplices
603 1508 822 1556 brevesque
851 1519 1019 1556 mappae

216 1580 425 1623 expectent
454 1572 573 1623 gelidi
602 1572 711 1611 iocos
743 1572 988 1611 Decembris.

215 1645 365 1676 certent
395 1638 623 1676 muneribus
651 1637 872 1676 beatiores:

215 1702 413 1753 Agrippae
442 1703 619 1742 tumidus
648 1703 867 1754 negotiator

216 1769 360 1808 Cadmi
390 1768 610 1819 municipes
639 1770 736 1807 ferat
764 1770 967 1815 lacernas;
1408 1781 1444 1802 ιο

214 1847 437 1884 pugnorum
468 1848 556 1873 reus
585 1834 796 1884 ebriaeque
826 1833 953 1872 noctis

215 1899 415 1938 cenatoria
444 1899 572 1938 mittat
599 1901 820 1947 advocat03

215 1964 405 2003 infamata
432 1964 557 2003 virum
588 1966 719 2015 puella
747 1964 851 2011 vicit,

215 2044 329 2069 veros
357 2031 638 2081 sardonychas,
667 2031 737 2069 sed
766 2029 851 2081 ipsa
879 2030 1006 2068 tradat
1020 2043 1030 2076 3

155 2134 321 2165 LXXXV
344 2143 363 2172 3
386 2144 460 2164 cum
478 2145 543 2164 om.
566 2133 596 2164 T
680 2145 699 2172 4
724 2134 797 2164 lacu
817 2131 960 2164 ΑΑΒΑε
984 2133 1062 2172 gelu
1081 2131 1129 2162 CA
1263 2141 1282 2171 5
1306 2132 1376 2162 alto
1397 2131 1444 2162 T:

110 2178 185 2208 aula
203 2177 253 2208 CA
387 2180 407 2209 6
432 2178 535 2218 imple
554 2178 612 2208 uix
631 2176 681 2208 CA
812 2188 829 2216 7
854 2177 963 2216 possit
987 2176 1070 2207 AA:
1099 2181 1215 2216 posset
1239 2175 1317 2206 BA:
1344 2185 1446 2214 posse

112 2221 162 2252 CA
181 2223 260 2262 (pro
281 2227 344 2252 -set
359 2224 383 2258 2>
517 2223 537 2252 8
562 2232 740 2261 mersaque
757 2221 851 2252 crina
873 2221 902 2252 T

156 2265 337 2296 LXXXVI
361 2266 433 2296 lzab.
458 2265 488 2295 T
511 2271 516 2277 '
572 2276 591 2304 3
616 2265 780 2304 plurimus
801 2264 830 2295 T
914 2264 1008 2295 lusus
1026 2263 1076 2294 CA

156 2308 356 2340 LXXXVII
381 2320 432 2340 vv.
453 2320 483 2347 4,
505 2309 692 2348 17-18l1ab.
716 2309 745 2339 T
926 2319 945 2338 2
970 2307 1038 2347 pila
1057 2305 1106 2337 CA
1125 2307 1177 2346 (cf
1198 2305 1390 2346 LXXXVI,
1409 2306 1444 2345 45

111 2361 130 2391 5
154 2352 243 2382 adsit
257 2352 313 2382 ΒΑ
445 2355 466 2383 6
489 2353 593 2384 uanni
609 2352 666 2383 ΒΑ
689 2352 768 2393 (pro
787 2352 882 2387 uani)
975 2362 992 2390 7
1016 2351 1109 2381 iocus
1128 2350 1178 2381 CA
1282 2359 1321 2380 12
1345 2360 1444 2381 cena-

111 2397 229 2426 toriam
249 2398 348 2435 (cae-,
369 2397 459 2437 coe)
477 2396 534 2427 BA
638 2406 677 2436 13
702 2397 868 2436 imparata
889 2394 940 2426 CA
958 2398 1036 2436 (pro
1052 2396 1233 2434 impamata
1250 2405 1257 2432 3
1282 2404 1303 2434 p
1316 2399 1377 2435 pro
1392 2394 1445 2435 ft)

114 2449 151 2478 14
175 2439 277 2470 tradit
295 2439 344 2471 CA
