1648 2729
171 168 226 205 M.
259 167 382 205 VAL.
416 167 734 205 MARTIALIS

278 294 370 319 narn
401 293 481 330 quo
512 287 691 330 tempore
720 278 928 329 praedium
958 278 1114 326 dedisti,

278 347 436 384 mallem
467 353 508 384 tu
539 344 637 383 mihi
666 344 877 396 prandium
907 343 1096 383 dedisses.

658 450 800 487 XXIV

280 526 388 563 Dum
418 531 456 562 te
485 536 704 574 prosequor
733 530 771 561 et
800 524 967 561 domurn
996 524 1155 570 reduco,

277 603 412 628 aurern
442 590 537 628 dum
569 588 640 627 tibi
669 596 826 638 praesto
854 588 1049 638 garrienti,

279 662 316 693 et
346 654 544 705 quidquid
573 653 745 704 loqueris
774 652 951 703 facisque
981 655 1112 700 laudo,

279 728 376 770 quot
405 733 539 758 versus
569 726 762 769 poterant,
795 719 973 766 Labulle,
1006 719 1141 758 nasci!

278 787 355 824 hoc
385 786 577 824 damnum
608 783 680 823 tibi
712 797 793 823 non
822 783 978 823 videtur
1011 798 1108 832 esse,
1494 800 1511 831 5

278 851 309 889 si
339 852 450 901 quod
481 853 613 889 Roma
641 849 744 901 legit,
776 849 937 900 requirit
966 851 1124 900 hospes,

278 930 359 955 non
390 916 543 955 deridet
572 929 706 966 eques,
737 923 846 954 tenet
874 923 1042 963 senator,

278 983 413 1020 laudat
443 981 677 1029 causidicus,
708 989 828 1031 poeta
856 981 990 1032 carpit,

278 1055 438 1098 propter
467 1055 505 1085 te
535 1046 780 1097 perit—hoc,
813 1047 992 1094 Labulle,
1023 1059 1160 1086 verum
1191 1047 1334 1085 est—‚³

280 1114 356 1151 hoc
387 1112 598 1162 quisquam
628 1113 756 1151 ferat?
789 1119 833 1150 ut
862 1111 934 1150 tibi
964 1119 1123 1150 tuorum
1198 1108 1201 1110 ’
1475 1125 1516 1147 10

279 1178 328 1216 sit
358 1178 482 1216 maior
511 1191 698 1216 numerus
728 1178 1010 1227 togatulorum,

278 1243 467 1282 librorum
499 1243 595 1281 mihi
625 1242 673 1281 sit
703 1242 832 1281 minor
862 1245 1071 1281 meorum?

279 1309 458 1359 Triginta
487 1322 611 1360 prope
640 1309 718 1347 iarn
749 1308 891 1347 diebus
922 1322 1001 1347 una
1031 1316 1089 1347 est

281 1375 397 1414 nobis
428 1374 571 1425 pagina
600 1374 663 1412 vix
692 1382 860 1425 peracta.
921 1373 985 1412 Sic
1016 1375 1059 1412 fit

281 1454 373 1479 cum
403 1454 544 1479 cenare
574 1439 684 1479 domi
715 1447 833 1490 poeta
862 1453 943 1478 non
975 1441 1068 1478 vult.
1479 1453 1514 1484 15

659 1528 799 1564 XXXI

280 1601 424 1636 Atreus
456 1597 653 1637 Caecilius
683 1597 977 1636 cucurbitarum

281 1663 337 1702 sic
365 1663 450 1701 illas
481 1663 592 1713 quasi
622 1662 724 1702 filios
753 1664 953 1713 Thyestae

281 1728 321 1767 in
351 1736 481 1778 partes
512 1730 655 1767 lacerat
686 1735 874 1778 secatque
908 1727 1026 1766 mille.

280 1801 396 1844 gustu
427 1793 607 1844 protinus
637 1795 707 1832 has
737 1794 832 1832 edes
862 1793 902 1831 in
931 1792 1029 1843 ipso,

281 1861 352 1898 has
382 1859 508 1909 prima
537 1861 633 1898 feret
663 1861 832 1898 alterave
862 1873 972 1900 cena.
1500 1874 1516 1904 5

281 1926 352 1964 has
382 1938 482 1963 cena
511 1925 582 1963 tibi
613 1924 726 1963 tertia
755 1932 931 1975 reponet,

281 1991 375 2030 hinc
405 2004 509 2030 seras
540 1990 791 2041 epidipnidas
822 1990 985 2041 parabit.

282 2057 376 2096 hinc
406 2057 529 2107 pistor
558 2058 684 2095 fatuas
714 2056 807 2095 facit
836 2058 1049 2107 placentas,

283 2122 376 2161 hinc
406 2130 444 2161 et
474 2121 711 2172 multiplices
741 2121 854 2160 struit
884 2121 1048 2160 tabellas

219 2226 338 2256 XXIV
362 2237 382 2265 3
406 2230 439 2256 et
455 2237 520 2256 om.
540 2225 596 2255 ΒΑ
694 2236 723 2263 4,
741 2235 762 2265 9
786 2224 911 2255 fabulle
928 2224 1006 2254 BA:
1031 2223 1155 2254 labulle
1175 2222 1224 2253 CA
1323 2231 1362 2261 14
1387 2222 1423 2252 fit
1439 2222 1496 2252 BA
1513 2234 1520 2252 ε

175 2274 227 2301 est
246 2272 323 2309 <pro
340 2270 404 2307 sit3
430 2280 446 2300 s
465 2274 526 2309 pro
543 2270 590 2310 [2)
611 2269 661 2300 CA
797 2278 835 2307 15
861 2273 962 2308 poeta
979 2278 1050 2298 non
1067 2267 1138 2298 vult
1155 2266 1316 2298 Gruterus
1332 2277 1339 2297 :
1364 2276 1433 2297 non
1447 2265 1519 2297 vult

176 2324 206 2354 p.
222 2313 314 2345 codd.
329 2325 336 2344 ε
362 2313 480 2344 neuult
497 2324 527 2352 p.
551 2314 590 2353 (ἓ)
609 2312 832 2344 Schneidewin

221 2357 342 2387 XXXI
369 2367 387 2396 5
413 2358 588 2397 alteraque
605 2355 634 2387 L
651 2360 728 2388 ante
741 2366 820 2387 corr.
988 2366 1006 2394 7
1031 2354 1258 2395 epidipniclas
1275 2353 1324 2384 CA
1342 2353 1388 2394 (cl
1401 2356 1464 2392 pro
1481 2353 1516 2393 d)

176 2401 306 2439 parauit
326 2401 375 2432 CA
393 2401 428 2442 (τ’.
445 2412 469 2432 e.
489 2402 566 2441 -bit)
681 2402 701 2432 8
725 2400 876 2440 placidas
894 2399 975 2430 sacit
992 2399 1035 2440 pl.
1056 2399 1109 2429 ΒΛ
1128 2410 1135 2430 :
1159 2398 1240 2429 facit
1255 2397 1364 2429 fatuas
1381 2396 1423 2437 pl.
1446 2396 1495 2427 CA
1512 2408 1519 2426 :

176 2454 255 2476 corr.
274 2444 351 2475 Ital.
