1648 2729
748 128 1008 166 EPIGRAM
1016 129 1219 168 MATON
1250 130 1354 168 LIB.
1389 130 1447 168 IV

632 240 710 277 XX

112 315 219 355 Dicit
248 329 290 354 se
318 317 501 362 vetulam,
533 329 625 354 curn
655 315 703 354 sit
734 315 926 355 Caerellia
954 329 1083 367 pupa:

163 395 311 432 pupam
341 394 383 420 se
412 380 508 420 dicit
538 380 677 428 Gellia,
709 395 800 420 cum
830 381 879 419 sit
907 394 1017 420 anus.

108 447 206 485 ferre
235 459 309 484 nec
339 447 441 484 hanc
470 445 608 496 possis,
640 445 777 496 possis,
811 445 981 494 Colline‚
1010 459 1084 485 nec
1113 445 1246 485 illam:

160 513 282 550 altera
310 510 475 550 ridicula
503 518 571 557 est,
602 512 723 550 altera
751 510 943 561 putidula,

617 611 716 647 XXI

217 688 359 726 Nullos
388 700 474 725 esse
503 687 612 734 deos,
643 686 761 725 inane
790 687 943 725 caelum

214 753 397 791 adfirmat
427 751 588 802 Segius:
627 752 858 803 probatque,
891 752 1001 802 quod
1030 765 1072 790 se

214 819 373 865 factum,
406 819 502 857 dum
532 825 648 867 negat
676 818 786 864 haec,
817 817 924 855 videt
953 817 1125 856 beatum.

590 912 739 949 XXIII

215 990 323 1027 Dum
353 995 395 1026 tu
424 989 530 1026 lenta
559 986 676 1026 nimis
706 987 855 1037 diuque
885 987 1038 1038 quaeris

212 1053 300 1104 quis
329 1052 478 1103 primus
507 1052 579 1091 tibi
607 1052 745 1103 quisve
773 1052 822 1090 sit
851 1054 1061 1100 secundus,

213 1118 377 1158 Graium
406 1131 506 1169 quos
536 1118 778 1169 epigramma
807 1118 1046 1168 conparavit,

211 1186 383 1235 palmam
414 1184 693 1231 Callimachus,
725 1183 877 1231 Thalia,
910 1185 960 1223 de
990 1197 1031 1223 se

211 1251 385 1289 facundo
415 1250 526 1289 dedit
554 1249 639 1300 ipse
670 1249 871 1288 Brutiano.
1424 1266 1441 1297 5

211 1316 279 1366 qui
308 1315 340 1354 si
371 1315 566 1365 Cecropio
596 1322 702 1353 satur
730 1316 864 1365 lepore

212 1383 421 1420 Romanae
450 1383 530 1419 sale
559 1380 693 1419 luserit
724 1380 939 1427 Minervae,

210 1446 264 1485 illi
294 1461 358 1486 me
387 1446 517 1495 facias,
549 1460 697 1497 precor,
730 1447 963 1485 secundum.

587 1541 729 1578 XXIV

101 1619 254 1658 Omnes
283 1631 381 1667 quas
409 1616 560 1664 habuit,
592 1615 781 1664 Fabiane,
812 1615 973 1666 Lycoris
1002 1614 1149 1654 amicas

154 1683 317 1722 extulit:
356 1682 466 1721 uxori
495 1683 562 1720 fiat
590 1681 719 1720 amica
747 1695 870 1720 meae.

599 1776 717 1813 XXV

100 1855 270 1893 Aemula
299 1852 458 1891 Baianis
486 1851 612 1891 Altini
640 1851 755 1890 litora
782 1851 882 1889 villis

153 1927 192 1958 et
221 1917 485 1957 Phaethontei
514 1916 674 1956 conscia
702 1916 798 1955 silva
826 1916 919 1967 rogi,

100 1998 282 2036 quaeque
311 1986 542 2022 Antenoreo
573 1983 778 2033 Dryadum
809 1981 1072 2032 pulcherrima
1102 1982 1242 2021 Fauno

153 2049 287 2101 nupsit
315 2051 367 2088 ad
397 2051 608 2100 Euganeos
637 2049 730 2087 Sola
757 2049 890 2098 puella
917 2048 1036 2094 lacus,

143 2153 212 2184 XX
235 2154 307 2184 hab.
335 2153 381 2193 ῖς
405 2163 455 2185 vv.
477 2162 538 2183 1-2
555 2151 629 2184 hab.
648 2151 682 2182 R
771 2161 790 2181 2
816 2151 916 2191 gallia
931 2151 992 2181 ΑΛ
1009 2150 1101 2191 (cum
1118 2149 1186 2191 L):
1211 2149 1314 2190 gellia
1330 2148 1437 2180 BACA

144 2197 229 2228 XXI
254 2207 275 2236 3
298 2197 364 2228 hoc
379 2196 413 2227 P
424 2207 465 2227 ex
479 2207 558 2227 corr.
578 2195 609 2235 Q
624 2206 664 2226 ex
677 2205 757 2226 corr.
775 2195 808 2225 F

143 2241 265 2272 XXIII
283 2251 304 2280 3
321 2240 462 2272 Graium
477 2250 565 2279 quos
579 2239 728 2270 Koestlin
748 2238 880 2277 (ΡΙιίῖοΙ.
897 2238 1004 2269 xxxvi
1016 2238 1094 2276 264*
1109 2249 1116 2268 ε
1133 2242 1335 2276 gratumque
1346 2235 1434 2267 codd.

99 2284 298 2325 conparabit
311 2284 360 2315 CA
377 2283 410 2326 (i.
424 2295 447 2315 e.
468 2284 569 2318 —uitn
682 2292 702 2322 5
725 2282 800 2323 ipsa
819 2283 866 2313 CA
977 2283 998 2311 6
1022 2281 1071 2312 sic
1089 2281 1145 2312 BA
1235 2291 1251 2320 7
1277 2280 1368 2311 sales
1386 2279 1434 2310 CA

100 2329 223 2359 luseris
240 2328 294 2359 ΒΑ
428 2329 448 2358 8
472 2327 554 2358 facis
572 2326 621 2357 CA
880 2324 1000 2356 XXIV
1022 2325 1097 2357 lzab.
1121 2325 1151 2356 T

143 2372 245 2403 XXV
269 2372 343 2403 hab.
370 2371 417 2411 T3
450 2382 500 2403 vv.
528 2370 591 2410 7—8
617 2370 690 2401 hab.
719 2369 752 2399 R
931 2379 945 2400 1
970 2369 1076 2400 altine
1104 2369 1161 2400 BA
1359 2376 1378 2397 2
1402 2371 1436 2397 et

98 2416 273 2455 phaethon
298 2420 333 2446 et
357 2416 567 2447 conscientia
591 2425 618 2446 s.
647 2425 674 2445 r.
701 2413 751 2444 CA

1306 2466 1347 2496 6*
