1648 2729
234 170 290 207 M.
323 170 446 207 VAL.
480 170 796 207 MARTIALIS

341 289 379 319 et
408 280 506 320 dicis
537 280 647 329 mihi,
678 282 809 329 Cotta,
838 280 933 319 ‘Vis
963 280 1004 318 in
1032 282 1178 319 auro?'

342 345 563 396 Quisquam
594 347 782 397 plumbea
810 345 902 384 vina
929 347 1011 384 volt
1040 345 1080 383 in
1110 348 1236 385 auro?
1549 362 1567 393 5

783 449 816 485 L

234 515 401 563 Frangat
433 514 644 551 Idumaeas
674 512 791 551 tristis
821 512 997 551 Victoria
1026 514 1191 562 palmas,

286 580 438 628 plange,
472 580 609 625 Favor,
640 592 755 617 saeva
784 586 944 628 pectora
973 579 1081 616 nuda
1110 591 1230 617 manu
1246 593 1255 627 3

233 651 358 682 mutet
388 645 533 682 Honor
562 644 701 690 cultus,
733 651 771 681 et
801 643 944 692 iniquis
976 657 1138 681 munera
1168 643 1338 682 flammis

286 708 398 748 mitte
427 717 645 756 coronatas,
679 709 813 747 Gloria
843 716 1003 755 maesta,
1034 722 1180 747 comas.

235 776 327 812 Heu
357 774 532 812 facinus!
572 773 698 823 prima
726 775 939 821 fraudatus,
973 776 1130 824 Scorpe,
1163 774 1324 813 iuventa
1550 793 1567 824 5

287 839 436 878 occidis
466 848 504 878 et
533 839 663 889 nigros
693 847 772 878 tam
804 839 882 878 cito
911 839 1039 890 iungis
1069 853 1205 889 equos.

233 904 410 943 curribus
439 904 504 942 illa
533 905 609 943 tuis
638 918 794 954 semper
822 912 1032 954 properata
1060 904 1270 955 brevisque

287 983 356 1008 cur
384 969 456 1007 fuit
485 978 523 1007 et
552 969 654 1008 vitae
683 978 762 1008 tam
794 983 916 1020 prope
946 977 1051 1008 meta
1080 971 1204 1008 tuae?

762 1070 819 1106 LI

233 1133 369 1172 Sidera
398 1133 475 1171 iam
505 1133 646 1183 Tyrius
677 1134 831 1172 Phrixei
859 1133 1017 1184 respicit
1045 1133 1135 1184 agni

286 1207 419 1237 taurus
449 1207 487 1237 et
515 1201 709 1237 alternum
741 1200 905 1238 Castora
933 1199 1031 1249 fugit
1060 1199 1187 1237 hiems
1203 1213 1212 1246 ;

232 1264 331 1303 ridet
360 1278 460 1314 ager,
493 1264 655 1302 vestitur
684 1265 839 1312 humus,
871 1264 1034 1303 vestitur
1062 1272 1100 1303 et
1129 1265 1257 1312 arbor,

288 1330 495 1367 Ismarium
527 1331 664 1379 paelex
693 1329 826 1367 Attica
855 1331 981 1380 plorat
1012 1331 1114 1379 Ityn.

233 1408 343 1444 quos,
377 1394 574 1441 Faustine‚
606 1394 701 1441 dies,
734 1396 869 1444 quales
899 1395 970 1433 tibi
1002 1397 1134 1433 Roma
1164 1396 1445 1435 †Ravennae†
1550 1411 1568 1442 5

287 1459 474 1498 abstulit!
513 1473 537 1498 o
567 1461 680 1507 soles,
713 1473 737 1498 o
767 1460 942 1498 tunicata
971 1460 1107 1510 quies!

234 1539 257 1563 o
287 1539 437 1571 nemus,
470 1538 494 1563 o
522 1526 652 1563 fontes
681 1525 933 1574 solidumque
963 1525 1159 1563 madentis
1188 1526 1358 1563 harenae

287 1590 378 1629 litus
408 1598 446 1628 et
475 1590 680 1640 aequoreis
711 1590 942 1640 splendidus
972 1592 1110 1628 Anxur
1142 1589 1266 1640 aquis,

234 1663 272 1694 et
301 1669 382 1694 non
412 1655 528 1693 unius
558 1663 754 1705 spectator
782 1657 949 1693 lectulus
978 1657 1120 1701 undae,

289 1720 355 1770 qui
384 1720 491 1759 videt
520 1720 612 1758 hinc
641 1734 794 1770 puppes
823 1719 1008 1766 fluminis,
1039 1719 1132 1758 inde
1162 1719 1302 1758 maris!
1530 1736 1569 1758 ιο

235 1784 313 1821 Sed
343 1796 417 1821 nec
448 1782 626 1821 Marcelli
656 1782 1035 1832 Pompeianumque,
1068 1795 1142 1820 nec
1174 1781 1252 1820 illic

289 1856 379 1886 sunt
408 1848 578 1898 triplices
608 1849 783 1886 thermae
812 1861 886 1885 nec
916 1849 998 1885 fora
1026 1846 1159 1885 iuncta
1188 1855 1337 1896 quater,

235 1926 308 1951 nec
338 1913 552 1963 Capitolini
581 1927 780 1951 summum
811 1914 1010 1963 penetrale
1038 1911 1233 1950 Tonantis

288 1991 469 2028 quaeque
498 1978 625 2016 nitent
653 1980 763 2016 caelo
791 1977 969 2027 proxima
997 1978 1144 2027 templa
1172 1990 1255 2015 suo.

238 2043 379 2081 Dicere
408 2051 446 2082 te
475 2045 621 2082 lassum
652 2043 835 2094 quotiens
864 2056 938 2092 ego
967 2044 1086 2081 credo
1117 2041 1312 2091 Quirino:
1530 2057 1566 2089 15

292 2110 429 2157 ‘Quae
458 2116 523 2147 tua
554 2116 655 2156 sunt,
687 2108 758 2146 tibi
787 2108 913 2147 habe:
953 2121 1054 2158 quae
1084 2121 1182 2154 mea,
1214 2107 1336 2145 redde
1365 2105 1486 2144 mihi.'

281 2221 306 2250 L
331 2231 350 2251 2
374 2219 492 2250 fauore
511 2220 561 2250 CA
692 2230 711 2259 5
736 2221 862 2261 primae
881 2219 930 2250 CA
1053 2228 1070 2257 7
1097 2223 1171 2249 tues
1189 2217 1238 2247 CA
1368 2218 1389 2247 8
1413 2217 1488 2258 c’ur]
1513 2218 1566 2248 cui

238 2263 286 2294 CA
391 2265 485 2294 uisae
504 2264 553 2295 CA
829 2263 872 2293 LI
897 2272 916 2302 5
941 2262 1074 2302 qualem
1091 2262 1150 2292 tibi
1166 2261 1239 2293 BA:
1265 2261 1365 2300 quale
1381 2261 1425 2291 sit
1441 2261 1499 2291 tibi
1519 2261 1567 2291 CA

237 2308 369 2346 (quales
389 2308 447 2338 tibi
467 2307 513 2349 C)
584 2317 769 2337 rauennam
792 2308 866 2337 BA:
891 2317 971 2337 -nae
990 2306 1039 2336 CA
1060 2306 1142 2346 (pro
1164 2305 1330 2336 Ravenne
1349 2315 1440 2335 nom.
1455 2310 1563 2345 propr.

235 2361 296 2382 voc.
322 2353 436 2390 casm)
578 2352 599 2381 6
623 2351 772 2381 tunicate
788 2350 844 2380 BA
988 2360 1005 2388 7
1032 2349 1215 2390 madentis]
1234 2348 1346 2379 dentis
1366 2347 1415 2378 CA
1545 2350 1566 2378 8

235 2394 371 2434 Anxur]
389 2395 463 2424 axis
476 2393 530 2423 BA
674 2404 713 2424 10
737 2394 837 2425 maris
849 2393 921 2426 BA:
947 2398 1036 2424 rates
1050 2392 1099 2424 CA
1234 2402 1269 2423 11
1297 2391 1366 2422 Sed
1386 2402 1496 2432 neque
1510 2391 1563 2421 BA

239 2447 277 2476 13
302 2443 444 2477 penetra
462 2437 516 2467 BA
