1648 2729
749 115 1010 152 EPIGRAM
1018 115 1222 155 MATON
1253 117 1359 154 LIB.
1392 117 1451 154 IV

113 226 245 266 decies
275 226 444 266 Sabinus
474 228 722 276 alterumque
752 226 969 275 Serranus;

113 305 160 330 ex
188 292 325 331 insulis
354 292 568 342 fundisque
597 291 726 330 tricies
756 293 928 339 soldum,

113 371 160 396 ex
189 371 331 408 pecore
359 359 528 396 redeunt
556 365 615 396 ter
643 358 799 396 ducena
829 357 1033 396 Parmensi
1051 360 1081 396 'z
1433 376 1449 406 5

113 423 204 462 totis
234 422 387 471 diebus,
419 424 527 471 Afer,
556 424 634 462 hoc
664 423 761 460 mihi
791 436 925 461 narras

113 496 151 527 et
181 496 298 528 teneo
329 488 468 527 melius
499 488 572 526 ista
602 501 721 538 quam
753 502 886 527 meum
917 502 1077 527 nornen.

112 567 295 593 numeres
325 562 481 605 oportet
509 554 674 604 aliquid,
702 562 745 592 ut
774 554 855 604 pati
885 554 1060 605 possim:

111 619 353 659 cotidianam
383 620 500 658 refice
529 633 717 658 nauseam
748 620 949 658 nummis:

110 685 247 724 audire
275 684 402 736 gratis,
435 686 540 732 Afer,
572 685 645 723 ista
674 698 755 724 non
785 698 959 736 possum.
1416 702 1456 723 10

582 793 764 829 XXXIX

220 862 384 912 Argenti
413 875 537 912 genus
568 875 688 900 omne
717 862 951 912 conparasti,

220 936 259 966 et
289 929 395 966 solus
425 936 575 966 veteres
608 929 800 977 Myronos
829 936 942 975 artes,

220 995 326 1032 solus
357 993 572 1032 Praxitelus
603 1007 765 1032 manum
795 995 1038 1044 Scopaeque,

220 1060 327 1097 solus
358 1058 538 1097 Phidiaci
567 1066 745 1097 toreuma
774 1059 883 1106 caeli,
1023 1073 1039 1085 ·

220 1125 327 1163 solus
359 1126 590 1163 Mentoreos
620 1125 743 1163 habes
773 1125 938 1163 labores.
1435 1141 1452 1173 5

221 1203 296 1228 nec
325 1191 469 1229 desunt
499 1189 571 1228 tibi
601 1204 692 1228 vera
722 1190 910 1229 Gratiana

220 1269 294 1294 nec
324 1269 426 1306 quae
457 1256 633 1295 Callaico
662 1255 839 1294 linuntur
867 1270 963 1295 auro

221 1334 295 1359 nec
325 1320 471 1359 mensis
500 1322 710 1371 anaglypta
738 1322 789 1359 de
818 1320 1001 1371 paternis.

218 1394 425 1437 argentum
455 1394 589 1425 tamen
618 1385 718 1424 inter
747 1399 867 1425 omne
896 1385 1015 1424 miror

219 1466 341 1503 quare
370 1466 451 1491 non
481 1452 639 1499 habeas,
672 1452 858 1501 Charine,
887 1466 1041 1503 purum.
1414 1467 1455 1490 10

633 1553 708 1590 XL

111 1623 222 1663 Atria
253 1623 444 1662 Pisonum
475 1623 633 1662 stabant
662 1637 753 1662 cum
784 1630 993 1662 stemmate
1023 1630 1108 1661 toto

166 1697 205 1728 et
234 1689 343 1728 docti
373 1690 548 1728 Senecae
578 1697 636 1727 ter
664 1690 912 1727 numeranda
940 1690 1112 1736 domus3

111 1755 368 1807 praetulimus
399 1755 517 1794 tantis
547 1757 676 1793 solum
706 1763 756 1802 te,
789 1757 994 1803 Postume,
1023 1753 1178 1804 regnis:

165 1834 315 1873 pauper
343 1834 427 1860 eras
457 1828 496 1859 et
525 1834 647 1871 eques
677 1822 747 1859 sed
778 1820 876 1858 mihi
906 1821 1046 1859 consul
1076 1833 1170 1858 eras.

112 1895 243 1926 tecum
273 1894 331 1925 ter
360 1888 483 1925 denas
513 1886 728 1933 numeravi,
761 1888 963 1933 Postume,
995 1886 1180 1924 brumas:
1431 1901 1447 1933 5

166 1951 390 1991 communis
420 1951 537 1990 nobis
567 1953 691 1990 lectus
721 1959 760 1990 et
789 1965 892 1990 unus
922 1958 1014 1990 erat.

111 2018 189 2056 iam
219 2019 368 2056 donare
397 2024 521 2067 potes,
552 2017 631 2056 iam
660 2018 836 2068 perdere,
866 2019 1007 2068 plenus
1036 2018 1246 2063 honorum,

165 2086 293 2134 largus
322 2097 469 2134 opum:
508 2091 685 2134 expecto,
718 2085 920 2131 Postume,
952 2082 1048 2133 quid
1077 2082 1208 2121 facias.

155 2199 176 2228 3
199 2188 349 2219 sabellus
367 2188 444 2219 BA:
467 2189 606 2219 sabinus
625 2188 674 2219 CA
858 2199 878 2226 4
904 2188 1042 2219 triciens
1061 2187 1111 2219 CA
1303 2197 1322 2226 5
1349 2197 1410 2227 per
1429 2187 1456 2218 C

112 2228 259 2264 ducenta
277 2232 332 2262 ΒΑ
407 2233 561 2271 parmeni
581 2232 629 2263 CA
716 2233 737 2262 8
761 2242 920 2262 numeras
938 2237 971 2262 et
985 2238 1099 2271 portet
1119 2232 1153 2271 T,
1171 2231 1258 2261 unde
1272 2241 1451 2262 numerare

112 2287 166 2317 op.
181 2275 455 2317 (3lSchne1'dew1‘n
590 2288 611 2316 9
635 2276 739 2307 retice
761 2276 791 2307 T

157 2320 315 2351 XXXIX
338 2330 358 2358 3
381 2330 501 2351 manus
526 2320 600 2359 PQ
799 2322 820 2350 6
844 2319 1009 2350 Gratiana
1040 2319 1142 2350 Ital.:
1166 2318 1346 2359 grantiana
1372 2318 1451 2349 ΒΑ·

115 2365 279 2404 graniana
297 2363 346 2395 CA
494 2375 511 2403 7
535 2364 705 2404 gallanico
722 2364 798 2395 BA:
823 2364 966 2395 callaino
985 2363 1034 2394 CA

157 2409 221 2439 XL
245 2418 262 2447 7
287 2408 453 2439 honorem
471 2407 528 2438 BA
