1648 2729
705 129 1174 168 EPIGRAMMATON
1207 130 1311 167 LIB.
1344 129 1403 166 XI

541 242 714 280 LXXVI

67 313 238 360 Solvere,
270 314 400 359 Paete,
433 313 573 351 decem
604 311 675 350 tibi
705 325 770 350 me
799 311 977 350 sestertia
1005 312 1123 361 cogis,

120 377 336 427 perdiderit
364 376 553 427 quoniam
585 379 720 416 Bucco
749 378 922 415 ducenta
951 376 1033 416 tibi.

67 455 117 481 ne
146 454 328 490 noceant,
360 456 440 490 oro,
474 442 570 480 mihi
600 456 681 481 non
712 456 800 481 mea
829 442 1018 481 crimina:
1058 450 1099 481 tu
1130 442 1197 492 qui

122 506 181 545 bis
210 515 379 547 centena
406 514 520 558 potes
549 509 724 558 perdere,
757 509 878 559 perde
908 509 1059 547 decem.

539 614 716 651 LXXIX

66 683 131 720 Ad
160 682 330 733 primum
361 684 531 721 decuma
558 683 731 733 lapidem
761 684 870 733 quod
900 682 1079 721 venimus
1109 683 1215 727 hora,

120 747 319 798 arguimur
348 750 478 787 lentae
508 748 672 787 crimine
700 747 888 798 pigritiae.

66 826 147 851 non
177 820 235 852 est
265 813 338 852 ista
367 813 541 864 quidem,
573 827 654 851 non
684 820 743 852 est
773 826 871 858 mea,
903 814 973 851 sed
1003 819 1070 851 tua
1099 813 1214 862 culpa
1244 820 1301 850 est

121 878 261 917 misisti
291 880 417 918 mulas
449 879 516 929 qui
547 878 654 926 mihi,
688 880 818 925 Paete,
851 885 948 916 tuas.

549 991 701 1027 LXXX

67 1060 178 1099 Litus
208 1062 347 1100 beatae
376 1060 542 1099 Veneris
571 1074 734 1098 aureum
766 1059 892 1107 Baias,

67 1126 182 1165 Baias
211 1127 404 1177 superbae
432 1127 581 1164 blanda
609 1127 716 1164 dona
746 1127 934 1172 Naturae,

65 1199 108 1230 ut
137 1191 244 1230 mille
272 1192 443 1238 laudem,
477 1192 630 1238 Flacce,
661 1190 838 1229 versibus
868 1188 996 1236 Baias,

65 1258 238 1296 laudabo
267 1257 387 1308 digne
416 1270 497 1295 non
528 1256 619 1295 satis
650 1264 783 1294 tamen
814 1255 941 1293 Baias.

66 1324 144 1362 Sed
175 1322 399 1361 Martialem
430 1324 545 1368 malo,
579 1323 734 1369 Flacce,
763 1335 883 1371 quam
914 1319 1041 1358 Baias.
1387 1336 1405 1368 5

65 1396 200 1439 optare
229 1396 441 1438 utrumque
470 1387 613 1438 pariter
641 1387 797 1437 inprobi
826 1394 963 1424 votum
995 1392 1063 1424 est.

65 1455 175 1504 quod
205 1454 236 1492 si
265 1455 431 1493 deorum
463 1466 626 1491 munere
655 1454 732 1491 hoc
762 1451 834 1490 tibi
863 1452 988 1498 detur,

65 1519 161 1569 quid
190 1519 425 1570 gaudiorum
455 1526 514 1557 est
545 1517 736 1557 Martialis
766 1525 805 1556 et
835 1516 979 1555 Baiae!

524 1630 724 1668 LXXXII

65 1705 100 1741 A
131 1701 379 1741 Sinuessanis
409 1700 576 1739 conviva
605 1699 864 1738 Philostratus
894 1698 1012 1737 undis

119 1769 365 1807 conductum
395 1774 577 1816 repetens
606 1773 725 1804 nocte
753 1765 917 1804 iubente
945 1765 1067 1802 larem

65 1847 192 1883 paene
220 1832 396 1871 imitatus
426 1832 510 1870 obit
539 1831 664 1870 saevis
695 1832 895 1880 Elpenora
924 1828 1026 1877 fatis,

118 1912 307 1950 praeceps
336 1912 406 1948 per
434 1900 574 1948 longos
604 1898 700 1936 dum
729 1895 806 1934 ruit
834 1908 961 1945 usque
989 1895 1144 1945 gradus.

65 1966 159 2004 Non
188 1972 302 2012 esset,
333 1965 560 2014 Nymphae,
588 1970 669 2000 tam
699 1974 842 2011 magna
870 1960 1044 2011 pericula
1072 1973 1210 2010 passus

119 2030 151 2068 si
179 2030 311 2081 potius
340 2036 487 2067 vestras
517 2028 582 2066 ille
611 2027 777 2066 bibisset
804 2039 940 2076 aquas.

110 2134 254 2209 &XXVI
278 2134 354 2165 hab.
378 2133 409 2164 T
522 2143 536 2163 1
562 2132 652 2172 pede
673 2131 704 2162 T
803 2140 824 2170 3
847 2130 944 2161 erimi
968 2129 1017 2160 T:
1041 2128 1193 2160 carmina
1209 2127 1266 2158 ΒΑ
1385 2143 1404 2170 4

66 2189 108 2218 pe
135 2189 154 2208 e

110 2221 264 2253 LXXIX
285 2231 306 2261 3
330 2225 383 2252 est
400 2220 490 2261 (Pf)
501 2220 551 2250 vel
564 2230 629 2251 om.
652 2218 746 2260 (LQ)
763 2218 820 2249 BA
917 2217 994 2248 uiae
1020 2215 1078 2246 BA
1106 2215 1186 2255 (pro
1202 2216 1339 2255 quidem
1352 2217 1376 2255 3)
1399 2230 1406 2248 :

66 2266 202 2306 quidem
230 2265 279 2297 CA
408 2265 517 2304 culpa,
546 2274 612 2294 om.
633 2268 694 2303 est,
715 2262 747 2302 Q
1030 2259 1166 2290 LXXX
1192 2269 1206 2289 1
1234 2260 1337 2291 Letus
1356 2260 1406 2292 CA

66 2320 86 2340 2
118 2311 239 2340 dature
258 2308 360 2350 (-rae)
378 2307 435 2337 BA
565 2318 585 2347 3
609 2316 697 2337 uer-s.
715 2307 818 2337 flacce
837 2305 887 2336 CA
1054 2314 1074 2342 4
1098 2308 1211 2334 tamen
1228 2304 1310 2334 satis
1325 2304 1383 2334 ΒΑ
1398 2316 1405 2335 :

65 2353 148 2384 satis
164 2357 277 2384 tamen
297 2352 347 2383 CA
560 2361 579 2390 5
597 2350 699 2381 mallo
717 2350 766 2381 CA
955 2349 977 2378 6
999 2347 1117 2377 obtare
1133 2345 1164 2376 L
1183 2348 1195 2381 (
1197 2350 1226 2377 et
1227 2347 1311 2386 fort.
1332 2348 1404 2390 BA)

66 2397 248 2437 inprobum
262 2396 338 2427 BA:
361 2394 495 2435 inprobi
514 2394 565 2426 CA
839 2390 1005 2423 LXXXII
1029 2401 1050 2430 3
1073 2391 1123 2422 vel
1137 2390 1208 2421 obit
