1648 2729
216 152 271 189 M.
304 152 426 189 VAL.
460 151 776 189 MARTIALIS

700 264 837 302 XCVI

216 334 380 382 Marcia,
408 347 489 372 non
520 335 697 381 Rhenus,
729 333 816 372 salit
845 333 920 381 hic,
952 335 1173 372 Germane:
1208 333 1305 384 quid
1334 341 1467 384 opstas

269 408 308 438 et
336 413 503 449 puerum
533 398 719 449 prohibes
749 398 879 437 divitis
909 398 1035 437 imbre
1064 400 1205 437 lacus?

216 465 391 512 barbare,
422 477 505 503 non
534 464 665 511 debet,
698 471 898 502 summoto
929 463 1024 511 cive,
1056 463 1235 502 ministro

271 529 466 580 captivam
496 529 631 567 victrix
660 530 769 568 unda
797 531 925 567 levare
954 529 1069 567 sitim.

685 617 870 656 XCVIII

220 690 401 739 Effugere
430 701 511 726 non
542 695 613 735 est,
644 689 796 734 Flacce,
828 687 1053 726 basiatores.

218 754 374 801 instant,
407 760 619 800 morantur,
651 760 916 802 persecuntur,
950 761 1160 791 occurrunt

218 828 256 858 et
286 819 378 857 hinc
408 827 446 857 et
475 818 592 866 illinc,
624 831 921 868 usquequaque,
953 831 1216 868 quacumque.

219 899 299 924 non
329 887 440 923 ulcus
469 898 558 923 acre
586 885 799 934 pusulaeve
827 885 1015 931 lucentes,

220 964 293 990 nec
323 950 430 989 triste
460 958 638 989 mentum
670 949 901 1000 sordidique
934 949 1120 997 lichenes,
1538 967 1555 998 5

219 1029 293 1055 nec
321 1016 430 1054 labra
458 1015 594 1066 pingui
623 1015 800 1054 delibuta
829 1023 974 1063 cerato,

221 1095 294 1120 nec
323 1081 519 1131 congelati
548 1088 658 1131 gutta
687 1080 860 1131 proderit
890 1080 986 1118 nasi.

221 1155 258 1185 et
287 1154 534 1185 aestuantem
564 1145 718 1184 basiant
747 1153 785 1184 et
814 1146 1023 1195 algentem,

221 1220 259 1251 et
288 1211 464 1262 nuptiale
494 1210 647 1250 basium
677 1218 954 1249 reservantem.

222 1291 303 1316 non
333 1285 371 1316 te
401 1276 564 1316 cucullis
593 1278 748 1315 adseret
778 1283 896 1325 caput
925 1283 1086 1322 tectum,
1520 1292 1559 1314 10

222 1342 361 1381 lectica
390 1356 463 1381 nec
494 1350 532 1380 te
562 1349 645 1380 tuta
673 1343 775 1392 pelle
804 1342 984 1391 veloque,

224 1422 297 1447 nec
326 1407 544 1446 vindicabit
574 1409 668 1446 sella
697 1406 852 1457 saepius
883 1408 1017 1445 clusa:

223 1473 340 1512 rimas
370 1487 439 1524 per
468 1473 597 1511 omnis
626 1472 800 1511 basiator
828 1471 999 1510 intrabit.

225 1553 305 1578 non
336 1540 563 1577 consulatus
592 1538 687 1588 ipse,
720 1551 800 1576 non
831 1537 1052 1576 tribunatus

225 1603 358 1642 senive
388 1605 512 1642 fasces
542 1616 616 1641 nec
646 1603 815 1652 superba
844 1601 1007 1640 clamosi

226 1668 371 1707 lictoris
400 1668 531 1718 abiget
560 1668 666 1717 virga
695 1668 955 1706 basiatorem:

227 1736 364 1773 sedeas
394 1733 434 1771 in
463 1735 543 1772 alto
573 1741 614 1771 tu
643 1733 734 1771 licet
763 1731 948 1771 tribunali

226 1808 264 1839 et
294 1813 315 1838 e
345 1799 469 1837 curuli
498 1799 581 1837 iura
609 1798 791 1848 gentibus
822 1799 974 1845 reddas,

226 1865 416 1903 ascendet
445 1864 510 1902 illa
540 1863 710 1902 basiator
738 1871 858 1913 atque
888 1862 962 1900 illa.

228 1929 515 1968 febricitantem
547 1929 715 1967 basiabit
746 1936 783 1967 et
812 1930 990 1975 flentem,
1521 1944 1563 1966 20

228 1995 338 2033 dabit
368 1994 550 2033 oscitanti
580 1994 734 2033 basium
764 1993 1006 2044 natantique.

230 2061 411 2110 Effugere
441 2073 522 2098 non
552 2068 621 2107 est,
654 2061 804 2106 Flacce,
837 2059 1063 2097 basiatores.

273 2158 383 2188 XCVI
401 2168 469 2189 om.
484 2158 533 2189 CA
546 2158 635 2195 (cum
650 2158 692 2197 Q)
716 2168 729 2188 1
750 2168 818 2188 non
834 2157 994 2198 Rhenus]
1009 2155 1206 2187 inrenumL
1221 2157 1293 2196 (vix
1303 2157 1371 2198 BA)
1385 2157 1436 2198 (cſs
1450 2157 1560 2188 lcmm.

229 2211 273 2232 DE
298 2211 433 2232 MARTIA
458 2212 606 2232 CAPTIVA
630 2211 749 2232 MERSA
774 2211 810 2232 ιΝ
834 2202 974 2239 RENvm)
1043 2201 1159 2231 obstas
1175 2200 1241 2232 cod.
1374 2211 1394 2240 3
1419 2201 1562 2232 ministri

231 2244 418 2276 Gronovius
678 2245 826 2276 XCVIII
855 2255 867 2275 1
896 2245 997 2275 flacce
1020 2243 1096 2274 BA:
1120 2244 1218 2275 basse
1240 2242 1290 2274 CA
1311 2244 1384 2285 (sed
1401 2245 1434 2274 in
1450 2245 1562 2276 Iemm.

229 2299 276 2319 AD
302 2289 477 2328 FLAccvm)
600 2300 619 2328 4
644 2289 701 2318 nol
720 2288 814 2329 (EA)
834 2288 884 2318 vel
896 2299 965 2318 non
984 2287 1034 2318 CA
1164 2287 1382 2327 pusisulaeue
1400 2288 1500 2329 (EA)
1516 2289 1566 2319 vel

231 2333 432 2371 pustulaeue
447 2331 566 2372 (X>CA
720 2342 738 2370 5
760 2332 987 2371 sordidaeque
1004 2330 1033 2360 L
1181 2332 1202 2361 6
1226 2331 1346 2362 dilibus
1362 2336 1498 2362 acer-ato
1515 2331 1564 2362 CA

234 2386 272 2405 10
295 2375 416 2406 asserit
434 2375 510 2406 BA:
534 2375 670 2406 adseret
689 2376 738 2406 CA
910 2385 945 2405 11
971 2379 1005 2406 te
1021 2385 1087 2406 om.
1111 2373 1161 2405 CA
1319 2384 1357 2405 12
1381 2374 1565 2406 uindicauit

231 2418 320 2450 codd.
333 2419 503 2493 (prBop-kbit)
585 2421 624 2449 18
645 2424 679 2450 et
696 2424 730 2450 te
743 2418 799 2449 BA
812 2422 850 2450 ut
865 2419 928 2451 vid.
942 2421 990 2459 (et
1007 2423 1041 2449 te
1051 2418 1092 2458 P,
1105 2423 1139 2449 et
1155 2419 1197 2449 de
1211 2418 1277 2458 Qf;
1296 2428 1427 2449 versum
1437 2429 1503 2449 om.
1517 2417 1566 2455 L)

234 2472 274 2502 19
298 2473 363 2494 om.
