1648 2729
523 157 705 195 INDEX
745 159 1005 197 EPIGRAM
1012 160 1215 199 MATON

269 266 399 297 Pierios
416 267 502 297 vatis
519 267 690 298 Theodori
707 269 839 299 flamma
856 275 999 309 penates
1045 270 1106 311 XI,
1124 281 1176 310 93.

269 310 417 341 Pinxisti
434 310 615 351 Venerem,
637 312 730 351 colis,
749 312 977 353 Artemidore,
997 313 1187 346 Minervam
1231 314 1272 354 V,
1289 326 1343 354 40.

269 353 383 384 Pistor
399 355 456 394 qui
472 355 585 386 fueras
602 355 670 395 diu,
691 355 827 395 Cypere
872 356 965 397 VIII,
988 360 1037 389 16.

271 397 377 428 Plena
394 397 555 429 laboratis
572 399 697 429 habeas
716 410 790 430 cum
809 401 933 431 scrinia
950 401 1045 432 libris
1091 401 1148 441 IV,
1167 412 1220 441 33.

268 441 383 472 Plorat
401 441 496 482 Eros,
515 443 675 482 quotiens
691 445 882 474 maculosae
899 445 1019 484 pocula
1031 456 1165 476 murrae
1212 445 1256 485 X,
1275 446 1328 477 80.

269 484 350 515 Plus
368 486 476 516 credit
494 497 592 516 nemo
610 491 680 517 tota
696 497 797 526 quam
815 488 949 519 Cordus
966 489 999 518 in
1017 490 1100 519 urbe
1146 489 1208 529 III,
1232 499 1281 528 15.

268 528 450 568 Pompeios
467 530 609 560 iuvenes
625 530 709 561 Asia
725 535 827 571 atque
845 532 993 571 Europa,
1009 533 1070 563 sed
1087 533 1198 574 ipsum
1243 532 1284 572 V,
1302 543 1354 573 74.

267 571 448 603 Ponuntur
463 584 600 614 semper
616 574 844 614 chrysendeta
862 576 1062 615 Calpetiano
1106 576 1165 616 VI,
1184 587 1236 617 94.

269 615 386 646 Potavi
402 618 502 647 modo
521 618 700 649 consulare
715 619 832 649 vinum
877 619 953 659 VII,
973 630 1024 659 79.

267 659 353 690 Poto
371 671 435 699 ego
452 666 640 700 sextanteS,
660 666 695 692 tu
714 667 822 701 potas,
843 663 964 701 Cinna,
985 664 1135 695 deunces
1182 663 1262 704 XII,
1282 674 1333 703 27.

268 703 373 734 Potor
388 705 524 744 nobilis,
543 705 643 744 Aule,
662 705 790 736 lumine
806 717 874 737 uno
920 706 978 746 VI,
999 708 1051 746 78.

267 746 437 787 Praeceps
453 749 644 787 sanguinea
661 750 740 780 dum
757 760 796 780 se
814 755 903 781 rotat
921 761 1020 782 ursus
1037 752 1166 781 harena
1211 751 1272 791 Ep.
1294 762 1344 783 11.

267 790 441 822 Praestitit
458 792 629 823 exhibitus
645 798 717 824 tota
733 794 803 826 tibi.
823 794 959 834 Caesar,
979 795 1108 826 harena
1152 795 1214 835 Ep.
1233 806 1266 834 9.

267 834 465 866 Praetorem
482 847 615 875 pauper
629 842 765 867 centum
781 839 941 868 sestertia
957 838 1093 869 Gaurus
1140 838 1196 878 IV,
1216 841 1270 878 67.

265 877 447 910 Praetores
464 880 543 919 duo,
563 885 726 920 quattuor
740 882 865 912 tribuni
910 881 968 921 VI,
988 883 1018 913 8.

267 921 379 953 Prima
397 923 550 954 Palatino
567 924 626 955 lux
645 930 696 955 est
714 926 798 956 haec
815 930 889 955 orta
906 926 1054 956 Tonanti
1101 925 1163 964 IX,
1180 936 1235 965 39.

268 965 379 996 Prima
396 968 585 998 salutantes
601 973 703 1007 atque
719 970 825 999 altera
842 970 987 1000 conterit
1005 970 1091 1001 hora
1137 969 1195 1006 IV.
1213 971 1242 1002 8.

268 1009 417 1040 Primum
435 1016 486 1041 est
503 1016 540 1042 ut
557 1017 720 1052 praesteS,
741 1014 768 1043 si
786 1013 867 1052 quid
884 1019 928 1051 te,
949 1013 1071 1052 Cinna,
1093 1014 1218 1053 rogabo
1264 1013 1341 1053 VII,
1361 1023 1412 1052 43.

269 1052 423 1084 ‘Primus
439 1055 495 1085 ubi
516 1061 568 1086 est
580 1054 587 1067 '
603 1056 716 1095 inquis
736 1058 829 1087 ‘cum
848 1058 891 1087 sit
909 1057 994 1088 liber
1010 1058 1076 1088 iste
1092 1058 1287 1089 secundus?
1302 1057 1309 1070 ’
1350 1057 1394 1096 II,
1411 1066 1464 1096 93.

267 1096 477 1137 Principium
495 1099 564 1135 des,
586 1098 677 1138 Iane,
697 1101 776 1131 licet
792 1100 965 1132 velocibus
981 1102 1082 1131 annis
1125 1100 1218 1139 VIII,
1238 1102 1268 1132 8.

268 1140 405 1172 Priscus
422 1143 463 1172 ab
479 1142 644 1174 Aetnaeis
660 1144 753 1183 mihi,
776 1144 903 1183 Flacce,
923 1145 1109 1175 Terentius
1125 1146 1195 1175 oris
1239 1144 1334 1184 VIII,
1353 1154 1407 1184 45.

268 1184 334 1214 Pro
351 1195 446 1225 sene,
466 1187 527 1216 sed
545 1187 644 1226 clare,
667 1193 782 1218 votum
803 1187 898 1218 Maro
916 1188 995 1219 fecit
1013 1189 1121 1219 amico
1167 1188 1247 1228 XII,
1266 1198 1319 1228 90.

268 1228 414 1260 Profecit
430 1235 511 1269 poto
530 1230 746 1262 Mithridates
761 1242 865 1271 saepe
882 1242 1017 1262 veneno
1062 1231 1102 1271 V,
1124 1233 1176 1271 76.

267 1272 499 1312 Proscriptum
517 1274 662 1305 famulus
678 1276 825 1306 servavit
841 1275 953 1306 fronte
969 1280 1105 1306 notatus
1151 1275 1213 1315 III,
1232 1286 1284 1307 21.

269 1315 428 1347 Proxima
446 1319 601 1349 centenis
616 1320 810 1349 ostenditur
827 1329 906 1350 ursa
922 1320 1088 1350 columnis
1135 1319 1196 1359 ΙΙΙ,
1219 1330 1269 1359 19.

268 1359 385 1391 Puella
401 1361 542 1392 senibus
559 1363 690 1393 dulcior
706 1363 788 1393 mihi
807 1364 924 1402 cycnis
967 1362 1008 1402 V,
1028 1373 1082 1403 37.

267 1446 344 1485 Qua
360 1449 472 1480 vicina
489 1450 575 1489 pluit
590 1450 752 1490 Vipsanis
769 1456 868 1490 porta
884 1452 1051 1481 columnis
1097 1450 1154 1489 IV,
1179 1452 1227 1483 18.

267 1491 500 1529 Quadrantem
518 1494 660 1534 Crispus
677 1495 808 1529 tabulis.
830 1495 1002 1533 Faustine,
1021 1496 1192 1534 supremis
1235 1495 1275 1534 V,
1294 1505 1346 1534 32.

267 1535 526 1576 Quadringenta
541 1539 602 1568 tibi
620 1548 690 1569 non
707 1544 799 1577 sunt,
817 1539 1076 1569 Chaerestrate:
1103 1549 1205 1578 surge
1249 1539 1290 1578 V,
1311 1549 1362 1578 25.

267 1579 604 1619 Quadringentorum
623 1583 736 1613 reddis
752 1583 846 1617 mihi,
868 1583 1015 1622 Phoebe,
1032 1583 1171 1613 tabellas
1217 1582 1277 1621 IX,
1297 1593 1367 1614 102.

267 1623 364 1661 Quae
381 1625 464 1655 mihi
481 1626 693 1664 praestiteris
709 1627 844 1657 memini
865 1637 1066 1666 semperque
1083 1627 1207 1657 tenebo
1252 1626 1293 1665 V,
1311 1637 1362 1666 52.

266 1666 362 1705 Quae
379 1669 479 1699 modo
495 1670 636 1700 litoreos
652 1671 752 1700 ibatis
768 1671 916 1701 carmina
934 1671 1065 1710 Pyrgos
1110 1670 1189 1710 XII,
1209 1679 1238 1709 5.

268 1710 365 1748 Quae
383 1717 450 1742 tarn
467 1713 620 1752 seposita
636 1719 698 1753 est,
718 1725 805 1753 quae
823 1724 908 1752 gens
925 1719 1000 1744 tam*
1010 1714 1160 1754 barbara,
1180 1715 1308 1744 Caesar
1351 1714 1414 1755 Ep.
1434 1724 1465 1753 3.

268 1754 364 1792 Quae
382 1760 415 1786 te
432 1767 533 1787 causa
550 1758 653 1788 trahit
668 1758 720 1787 vel
739 1768 825 1797 quae
844 1758 967 1788 fiducia
983 1758 1126 1788 Romam
1174 1757 1235 1789 III.
1252 1758 1306 1795 38,

268 1798 513 1840 Quaecumque
529 1801 594 1831 lusi
611 1802 744 1832 iuvenis
761 1806 795 1831 et
813 1812 898 1840 puer
913 1802 1084 1840 quondam
1129 1800 1155 1840 I,
1172 1811 1242 1840 113.

269 1843 444 1880 Quaedam
463 1855 516 1874 me
535 1845 813 1884 cupit,-invide,
833 1845 979 1875 Procille
993 1847 1046 1876 1—
1092 1844 1117 1884 I,
1142 1855 1212 1884 115.

268 1886 424 1924 Qualiter
436 1888 601 1927 Assyrios
618 1895 783 1919 renovant
800 1889 958 1919 incendia
975 1889 1073 1919 nidos
1119 1889 1156 1921 V.
1182 1900 1210 1928 7.

267 1929 424 1968 Qualiter
441 1931 473 1961 in
492 1932 653 1971 Scythica
669 1932 832 1972 religatus
849 1942 933 1971 rupe
951 1932 1176 1963 Prometheus
1220 1931 1282 1972 Ep.
1306 1943 1334 1972 7.

268 1973 432 2011 Quamvis
448 1980 515 2005 tam
534 1977 637 2014 longo
654 1977 766 2015 possis
784 1982 878 2006 satur
895 1986 971 2006 esse
988 1976 1102 2007 libello
1149 1976 1210 2013 XI,
1234 1976 1304 2007 108.

267 2017 405 2055 Quanta
423 2019 583 2059 Gigantei
600 2025 807 2050 memoratur
822 2031 938 2050 mensa
961 2020 1123 2059 triumphi
1169 2019 1262 2059 VIII,
1282 2030 1332 2059 49.

266 2061 404 2100 Quanta
419 2064 517 2102 quies
534 2065 656 2103 placidi
675 2069 799 2094 tantast
815 2063 974 2094 facundia
994 2064 1127 2094 Nervae
1171 2063 1264 2100 VIII,
1285 2074 1336 2102 70.

267 2105 440 2143 Quantum
458 2108 521 2137 iam
539 2108 683 2147 superis,
705 2108 842 2146 Caesar,
863 2108 1026 2147 caeloque
1044 2107 1167 2138 dedisti
1216 2107 1274 2146 IX,
1295 2117 1324 2145 3.

267 2148 440 2187 Quantum
457 2152 602 2181 sollicito
619 2151 752 2181 son-tuna
770 2152 919 2190 parentis
940 2152 1082 2182 Etrusco
1127 2150 1185 2183 VI.
1203 2152 1254 2188 83.

267 2192 436 2233 Quantus,
456 2195 499 2233 io,
521 2195 634 2225 Latias
650 2195 766 2225 mundi
785 2201 969 2225 concentus
985 2196 1027 2225 ad
1043 2205 1120 2226 aras
1164 2194 1258 2234 VIII,
1277 2206 1306 2234 4.

268 2236 383 2275 Quare
401 2242 468 2268 tam
485 2239 600 2269 multis
615 2249 633 2268 a
650 2245 694 2277 te,
718 2239 868 2273 Laetinc.
888 2239 1007 2269 diebus
1055 2238 1133 2279 XII,
1153 2248 1202 2276 17.

269 2279 448 2318 Quatenus
465 2282 635 2322 Odrysios
652 2283 716 2312 iam
736 2293 802 2321 pax
818 2283 974 2313 Romana
992 2283 1121 2312 triones
1167 2281 1243 2316 VII,
1260 2282 1313 2313 80.

269 2324 441 2362 Quattuor
455 2327 586 2364 argenti
603 2326 708 2357 libras
725 2327 806 2356 mihi
824 2332 978 2365 ternpore
995 2326 1135 2356 brumae
1180 2325 1243 2355 VII
1266 2349 1273 2364 ,
1294 2335 1344 2364 71.

270 2368 379 2405 Quem
397 2370 519 2399 recitas
536 2380 632 2400 meus
650 2375 711 2404 est,
731 2380 750 2399 o
771 2370 959 2405 Fidentine,
979 2369 1116 2400 libellus
1161 2368 1187 2407 I,
1207 2369 1259 2407 38.

269 2412 335 2450 Qui
354 2412 536 2452 Corcyraei
554 2413 638 2444 vidit
656 2414 806 2453 pomaria
824 2414 914 2452 regis
959 2412 1052 2451 VIII,
1067 2413 1118 2443 68.

270 2456 337 2494 Qui
355 2457 452 2487 ducis
469 2458 583 2488 vultus
600 2464 633 2487 et
650 2467 716 2487 non
734 2458 820 2496 legis
838 2458 902 2488 ista
918 2457 1062 2487 libenter
1108 2456 1134 2495 I,
1153 2467 1204 2495 40.
