1648 2729
725 135 1196 174 EPIGRAMMATON
1228 136 1332 173 LIB.
1367 136 1431 172 111

96 247 175 285 Sed
204 245 330 285 simile
360 254 419 284 est
446 245 620 296 aliquid:
660 259 731 296 pro
761 245 886 284 Laide
915 245 1073 284 Thaida
1102 246 1194 284 dixi.

152 311 228 350 Dic
259 311 366 359 mihi,
398 311 494 362 quid
524 311 651 350 simile
681 318 740 350 est
768 311 892 350 Thais
921 319 960 349 et
991 311 1243 350 Hermione?

96 385 137 414 tu
167 384 301 415 tamen
331 390 373 415 es
403 376 602 426 Quintus:
641 384 841 415 mutemus
871 389 1020 415 nomen
1049 376 1245 415 amantis:

150 442 182 480 si
211 455 293 480 non
322 444 407 480 vult
437 441 623 490 Quintus,
655 441 813 480 Thaida
842 443 983 481 Sextus
1012 449 1129 480 amet.

614 564 699 601 XII

204 647 475 696 Vnguentum,
507 647 641 692 fateor,
674 646 824 684 bonum
856 645 1001 684 dedisti

205 711 380 750 convivis
410 712 514 758 here,
545 712 616 749 sed
646 711 743 749 nihil
773 711 933 750 scidisti.

208 778 288 815 Res
318 778 419 815 salsa
448 784 506 815 est
537 777 639 815 bene
669 778 774 815 olere
803 784 841 815 et
870 775 1026 815 esurire.

206 841 273 892 qui
302 855 383 880 non
413 849 529 880 cenat
558 849 596 880 et
625 842 824 892 unguitur,
858 843 1036 889 Fabulle,

205 907 269 946 hic
298 921 388 946 vere
418 907 515 945 mihi
546 914 724 945 mortuus
754 907 920 946 videtur.

602 1039 712 1076 XIII

100 1124 207 1159 Dum
237 1134 317 1159 non
348 1119 404 1158 vis
434 1119 573 1170 pisces,
605 1120 703 1158 dum
733 1133 815 1158 non
845 1119 902 1158 vis
932 1133 1092 1170 carpere
1121 1120 1263 1170 pullos,

153 1195 191 1225 et
219 1188 308 1236 plus
337 1199 457 1236 quam
488 1185 599 1236 patri,
633 1184 794 1232 Naevia,
828 1185 954 1236 parcis
984 1198 1090 1235 apro,

97 1265 280 1290 accussas
309 1250 539 1301 rumpisque
570 1264 724 1298 cocum,
756 1258 960 1300 tamquam
990 1250 1125 1289 omnia
1154 1251 1277 1289 cruda

152 1317 335 1356 attulerit.
394 1318 627 1366 Numquam
657 1316 713 1355 sic
742 1330 816 1367 ego
845 1317 991 1355 crudus
1020 1329 1098 1355 ero.

612 1449 714 1486 XIV

101 1533 272 1569 Romam
303 1531 464 1581 petebat
494 1530 661 1569 esuritor
689 1530 863 1569 Tuccius

153 1598 351 1647 profectus
381 1610 428 1635 ex
459 1595 666 1646 Hispania.

100 1662 269 1701 occurrit
297 1662 351 1700 illi
381 1663 646 1712 sportularum
676 1662 836 1700 fabula:

153 1742 176 1766 a
205 1736 326 1779 ponte
355 1727 470 1767 rediit
501 1727 667 1767 Mulvio.

621 1851 699 1887 XV

102 1935 194 1971 Plus
225 1933 350 1972 credit
381 1946 500 1971 nemo
530 1939 613 1971 tota
643 1946 763 1983 quam
795 1932 951 1972 Cordus
981 1931 1021 1970 in
1051 1932 1159 1970 urbe.

157 2002 165 2018 ‘
183 1999 287 2038 Cum
318 1998 367 2037 sit
396 2005 477 2036 tarn
507 2011 666 2048 pauper,
699 1998 963 2048 quomodo?'
995 1998 1149 2037 Caecus
1178 2005 1295 2035 amat.

144 2113 164 2142 3
187 2103 330 2133 similest
349 2102 399 2133 CA
444 2103 514 2133 dixi
531 2102 609 2133 BA:
633 2102 720 2133 dixit
733 2102 801 2133 CA:
826 2101 911 2132 dixti
927 2101 974 2132 ed.
991 2112 1022 2133 a.
1045 2110 1127 2140 1475
1217 2101 1239 2131 6
1261 2107 1351 2132 amet
1362 2101 1416 2131 ΒΑ
1433 2112 1438 2131 ;

102 2151 191 2177 amat
211 2146 259 2178 CA
498 2146 567 2176 XII
592 2156 643 2178 vv.
660 2156 724 2185 3-5
741 2146 814 2177 lzab.
840 2145 871 2176 T
997 2156 1017 2184 3
1041 2145 1127 2176 falsa
1150 2144 1284 2182 T<cunz
1303 2144 1439 2184 QFCG)

104 2190 203 2231 tfpro
213 2191 242 2222 sl
467 2189 552 2225 XIII
577 2189 650 2221 hab.
670 2189 700 2220 T
818 2200 830 2220 1
858 2189 969 2228 pisces
982 2189 1059 2220 AA:
1084 2189 1210 2228 piscem
1225 2188 1303 2219 BA:
1327 2189 1440 2228 pisces

101 2245 175 2264 cum
193 2245 221 2265 v.
238 2233 258 2264 I.
274 2233 425 2273 leporem
444 2233 492 2264 CA
510 2233 611 2271 <unde
627 2234 707 2264 dum
726 2244 792 2264 non
811 2233 863 2263 uis
879 2233 991 2272 pisces
1007 2232 1160 2272 leporem
1176 2231 1255 2271 EA,
1273 2232 1353 2262 dum
1372 2243 1437 2262 non

102 2277 154 2308 uis
173 2278 285 2317 pisces
302 2276 375 2317 BG,
397 2278 476 2308 dum
495 2277 607 2317 pisces
623 2277 775 2317 leporem
791 2276 872 2313 XC)
964 2276 1076 2316 pullos
1091 2275 1229 2306 AABA:
1253 2275 1372 2306 mullos
1392 2276 1440 2307 CA

102 2331 122 2351 2
139 2321 228 2361 putri
244 2320 406 2351 Heinsius
494 2321 605 2360 pascis
624 2321 654 2351 T
866 2319 951 2350 XIV
978 2330 992 2350 1
1018 2319 1319 2350 esuritortococius
1339 2319 1386 2350 CA
1404 2323 1441 2349 nt

100 2364 164 2396 vid.
190 2364 260 2404 (sed
276 2366 423 2395 esuritor
444 2365 573 2396 tuccius
592 2364 645 2404 X)
883 2363 949 2394 XV
975 2373 988 2393 1
1015 2364 1122 2394 credit
1143 2363 1219 2394 BA:
1253 2364 1368 2394 credet
1390 2363 1438 2393 CA

100 2410 172 2448 (pro
189 2409 253 2439 -dit
263 2409 288 2449 ἓ)
401 2419 500 2448 quam
518 2413 589 2440 tota
606 2407 698 2440 codd.
719 2409 806 2449 (tota
822 2418 924 2447 quam
944 2406 988 2449 G)
